2948 5086
704 1076 826 1172 Oaput
852 1078 879 1154 Ι.

399 1243 448 1298 De
471 1244 682 1313 temporibus
706 1248 968 1314 stratagematon
990 1245 1167 1301 librorum.

291 1397 535 1478 Strategematon
552 1400 645 1460 libros
669 1401 848 1478 compositos
868 1421 933 1462 esse
952 1404 1070 1462 constat
1088 1401 1254 1478 imperante
1273 1402 1376 1461 Domi-

200 1490 291 1548 tiano.
326 1489 404 1548 Nam
420 1493 562 1566 quattuor
572 1494 797 1570 strategemata,
818 1511 893 1568 quae
908 1492 946 1551 ab
960 1492 1026 1568 ipso
1040 1492 1223 1567 imperatore
1237 1491 1376 1550 adhibita

198 1579 360 1637 traduntur
380 1571 425 1659 (1,
447 1582 474 1652 1,
494 1582 523 1639 8.
567 1579 641 1653 1,3,
664 1583 713 1640 10.
753 1584 781 1658 2,
802 1584 830 1656 3,
851 1584 901 1641 23.
945 1580 1375 1658 2,11‚7—doexcmplo

199 1670 300 1726 autem
320 1670 349 1742 4,
365 1671 393 1745 3,
411 1671 451 1727 14
471 1668 550 1727 infra
564 1690 592 1744 p.
609 1671 670 1728 321
689 1663 821 1748 agetur),
841 1689 907 1729 cum
926 1671 978 1729 ille
998 1688 1057 1728 non
1068 1670 1163 1729 Diuus
1184 1662 1279 1749 (61.2,
1292 1672 1319 1746 1,
1332 1673 1375 1728 17

204 1757 299 1816 Diuus
317 1755 468 1831 Augustus
493 1751 715 1838 Vespasianus),
734 1759 785 1817 sed
803 1762 961 1850 imperator
980 1757 1090 1818 Caesar
1108 1760 1296 1819 Domitiauus
1309 1758 1375 1818 Au·

198 1850 300 1920 pastus
311 1845 504 1906 Germanicus
518 1848 696 1922 appelletur,
714 1848 784 1906 uiuo
795 1848 965 1907 Domitiano
983 1849 1151 1923 conscripta
1166 1852 1242 1909 sunt.
1269 1849 1376 1924 Neque

200 1938 301 1994 tamen
320 1938 389 1994 ante
409 1953 519 1994 annum
531 1939 571 1996 83
583 1957 610 2012 p,
622 1935 691 1995 Chr.
701 1940 806 1996 auctor
825 1956 860 1996 ea
879 1936 1020 2014 colligere
1034 1937 1140 2014 potuit,
1160 1937 1231 2014 quia
1249 1938 1279 1996 in
1294 1938 1376 1997 bello

201 2027 305 2083 contra
324 2021 488 2084 Germanos
508 2044 542 2084 eo
561 2044 638 2085 anno
657 2017 775 2102 gesto¹)
799 2026 962 2103 imperator
980 2027 1023 2085 eis
1049 2045 1120 2086 usus
1140 2030 1194 2087 est.
1242 2025 1377 2087 Confecti

202 2113 297 2190 igitur
316 2114 553 2189 stratagematon
572 2115 640 2174 libri
661 2116 732 2174 sunt
748 2115 828 2173 inter
847 2134 938 2174 annos
959 2117 1001 2174 84
1017 2119 1047 2174 ct
1062 2118 1102 2176 96
1118 2136 1146 2191 p.
1162 2115 1229 2174 Chr.

291 2202 370 2261 Ante
388 2203 502 2261 bellum
520 2202 662 2262 Dacicum
680 2204 734 2263 hos
753 2204 845 2264 libros
865 2205 961 2263 editos
985 2223 1051 2264 esse
1069 2208 1230 2280 propterea
1249 2205 1377 2265 coniecit

203 2284 384 2372 Polenus²)‚
416 2292 495 2367 quod
529 2289 704 2351 Germanico
733 2293 852 2368 quidem
879 2293 958 2353 bello
992 2294 1128 2354 adhibita
1159 2297 1377 2371 strategemata

203 2383 346 2458 quattuor
369 2379 554 2454 referuntur,
578 2380 680 2440 Dacioi
703 2400 775 2441 uero
800 2382 932 2442 belline
956 2383 1068 2442 mentio
1088 2383 1207 2459 quidem
1231 2383 1273 2444 fit.
1320 2383 1377 2442 aui

203 2472 380 2546 argumento
396 2488 468 2528 caue
483 2469 571 2528 fidem
585 2469 704 2529 habeas.
751 2472 829 2531 Nam
848 2472 962 2546 amitto,
982 2491 1071 2548 quam
1089 2473 1204 2532 incerta
1222 2473 1283 2532 sint
1301 2476 1376 2532 tem·
1458 2479 1459 2482 ’

202 2553 276 2635 pora
294 2558 367 2617 belli
385 2558 500 2632 Dacia,
520 2578 587 2618 cum
605 2559 636 2617 id
655 2560 793 2618 uideatur
811 2561 871 2620 iarn
890 2563 960 2619 ante
979 2562 1093 2620 bellum
1103 2561 1312 2622 Germanicum
1331 2581 1378 2622 or-

202 2652 268 2708 tum
287 2639 394 2728 esse.³)
440 2647 545 2724 Neque
563 2648 594 2706 id
613 2667 728 2726 moneo,
748 2651 834 2726 quod,
855 2670 922 2710 cum
940 2650 1053 2710 bellum
1071 2650 1215 2710 Dacicum
1233 2650 1313 2712 haud
1332 2651 1377 2710 ita

202 2757 331 2814 magnae
349 2736 491 2796 Romanis
509 2736 624 2812 gloriae
642 2740 735 2814 esset,
760 2741 977 2816 strategemata
1000 2742 1103 2799 contra
1121 2739 1217 2799 Dacos
1236 2758 1296 2800 non
1312 2741 1377 2799 tam
1458 2777 1459 2808 ,

202 2827 297 2887 uictos
317 2844 407 2902 quam
430 2826 559 2886 uiatores
583 2826 718 2886 adhibita
742 2831 845 2888 auctor
868 2847 991 2888 narrare
1016 2829 1142 2888 fortasse
1166 2829 1272 2889 naluit.
1318 2827 1377 2888 Sed

203 2935 240 2975 ne
260 2935 295 2974 ea
314 2915 435 2992 quidem
454 2918 683 2991 strategemata,
702 2936 777 2993 quae
796 2919 859 2994 ipse
880 2919 959 2977 bello
978 2918 1009 2976 in
1028 2917 1184 2977 Britannia
1202 2917 1305 2994 paucis
1324 2936 1377 2975 an·
1458 2921 1459 2924 ’

203 3005 250 3064 nis
270 3006 340 3063 ante
358 3005 472 3064 bellum
488 3004 696 3065 Germanicum
714 3010 800 3083 gesto
819 3007 991 3066 adhibuisse
1005 3007 1156 3081 putandus
1176 3009 1223 3066 est
1242 2999 1291 3088 (cf.
1308 3007 1378 3066 Tac.

205 3095 278 3170 Agr.
300 3097 340 3153 17
360 3095 551 3168 sustinuitque
573 3095 675 3154 meleu
692 3097 791 3156 Iulius
809 3097 986 3162 Frautiuus,
1008 3097 1058 3154 uir
1074 3114 1212 3170 maguus,
1236 3101 1378 3169 quautam

204 3185 313 3252 licebat,
332 3184 517 3257 ualidamque
536 3188 562 3243 et
573 3203 736 3258 pupuaceui
753 3184 885 3244 Silurum
901 3189 1012 3259 acutam
1031 3187 1123 3244 aruis
1141 3187 1263 3260 subegit,
1288 3202 1379 3259 super

205 3276 341 3332 uirtutem
358 3273 482 3332 hostium
500 3274 626 3333 locorum
644 3292 752 3348 quaque
771 3275 956 3348 difficultates
975 3271 1126 3352 eluctatus)
1146 3275 1210 3333 siue
1229 3274 1379 3334 modestia

206 3363 270 3421 siue
289 3364 371 3420 metu
389 3362 522 3422 inuidiae
541 3366 705 3422 commotus
723 3362 862 3439 protulit:
888 3363 1057 3423 coniectura
1076 3362 1154 3422 enim
1172 3354 1377 3443 Dederichii4)

206 3454 240 3528 1,
259 3452 293 3528 5,
314 3453 354 3510 26
379 3449 490 3512 Silures
512 3471 566 3528 pro
585 3453 712 3527 Ligures
735 3451 892 3512 scribentis
914 3451 972 3511 fide
996 3452 1115 3513 omnino
1135 3455 1223 3513 emet.
1269 3453 1378 3528 Itaque

205 3540 382 3599 Frontinum
409 3542 508 3601 nescio
528 3560 587 3617 qua
613 3542 729 3604 rationo
746 3541 915 3619 inductam,
934 3560 1009 3618 quae
1028 3542 1106 3601 bello
1125 3541 1234 3602 Dacico
1253 3542 1379 3602 consilia

204 3630 331 3704 probata
346 3630 454 3706 essent,
472 3630 629 3707 reliquisse
640 3630 816 3690 codemiurc
830 3631 999 3707 contendes,
1018 3649 1075 3706 quo
1091 3634 1161 3690 ante
1175 3631 1205 3689 id
1221 3631 1378 3706 scripsisse

206 3737 275 3777 eum
293 3718 423 3778 Polenus
442 3719 576 3794 coniecit,
594 3738 689 3795 neque
708 3723 919 3795 argumentum
937 3720 1005 3779 inde
1025 3739 1141 3780 sumere
1159 3720 1237 3780 licet.

295 3809 392 3867 Immo
410 3811 480 3883 post
493 3808 605 3868 bellurn
620 3808 762 3868 Dacicum
780 3809 906 3869 collecta
925 3828 989 3869 esse
1009 3800 1224 3885 strategemata
1243 3810 1379 3869 concludi

206 3915 295 3972 posse
313 3896 387 3956 mihi
407 3897 526 3956 uidetur
541 3917 577 3956 ex
595 3899 729 3974 exemplo
750 3901 779 3973 2,
796 3901 845 3974 11,
862 3903 890 3959 7.
927 3898 991 3958 Hoc
1009 3915 1077 3958 cum
1096 3898 1239 3974 exemplis
1260 3901 1287 3974 1,
1305 3902 1332 3976 1,
1348 3901 1378 3958 8.
1458 3903 1459 3968 ᾖ

210 3989 237 4062 1,
258 3989 285 4060 3,
308 3989 357 4046 10.
383 3989 410 4060 2,
432 3988 460 4064 3,
481 3988 535 4063 23,
555 4005 630 4062 quae
650 3989 688 4047 ad
706 3987 786 4046 idem
804 3988 918 4048 bellum
935 3988 1088 4064 pertinent
1106 3986 1331 4062 Germanicam,
1352 3988 1379 4047 si
1458 4009 1459 4012 ¹

207 4105 420 4114 ——--—

298 4175 323 4242 1)
343 4173 377 4230 cf.
395 4172 503 4227 Dokhel
521 4174 559 4228 VI
578 4179 638 4230 378.
658 4181 718 4230 397.
751 4177 907 4230 Mommsen
924 4176 957 4232 a.
977 4176 1008 4232 (i.
1028 4175 1053 4230 V
1074 4182 1133 4230 136.

297 4248 323 4312 2)
343 4244 371 4298 in
390 4241 517 4299 Frontini
536 4247 597 4299 uita
615 4247 650 4301 ab
670 4263 703 4301 eo
722 4249 865 4317 contexta,
885 4265 945 4318 cap.
965 4247 1026 4302 XII.
1046 4278 1079 4288 -
1099 4247 1134 4301 cf.
1150 4246 1265 4300 Hermes
1279 4246 1320 4300 ΙΙΙ
1334 4253 1378 4305 45.

296 4319 323 4382 3)
343 4314 499 4371 Mommsen
517 4318 549 4372 R.
569 4315 601 4370 (i.
620 4316 646 4371 V
664 4323 724 4373 200.

298 4387 325 4455 4)
346 4386 506 4443 Zeitschrift
522 4388 568 4442 fiir
587 4389 953 4445 Alterthumswissenschaft
971 4388 1011 4443 Vl
1026 4390 1117 4458 (1839)
1138 4394 1198 4444 83⁵1.
