2948 5086
194 210 265 293 ,344
587 207 756 264 Gottholdus
776 207 985 262 Gundermann:

201 405 241 428 ==
262 379 378 438 Nonius
393 379 467 454 518,
483 371 539 460 30)
561 378 681 439 exhibet
699 379 732 436 P.
750 374 853 437 Actias
872 369 984 455 (Pelius
1003 366 1110 457 codd).
1148 375 1253 436 Fuisse
1272 380 1389 436 tamen

196 470 229 527 in
252 468 376 544 antiquo
401 469 562 544 exemplari
591 468 716 527 alicuius
745 467 873 527 auctoris
897 465 1048 525 etiam‘L.
1068 484 1247 541 praenomen
1271 468 1388 526 certis-

199 557 307 618 simum
336 561 389 616 est.
426 558 461 616 In
491 557 594 618 eadem
623 556 816 616 adnotatione
843 575 1025 632 praenomen
1048 554 1081 613 0.
1105 547 1197 636 (male
1217 554 1388 616 Claudium

198 646 291 706 codex
306 645 333 706 G
350 638 484 728 exhibet)
503 650 603 706 utrum
620 647 657 706 ab
673 645 776 706 eodem
792 646 903 706 lectore
918 644 1061 719 seriptum
1077 643 1117 703 sit
1131 662 1169 702 an
1182 644 1386 704 librariorum

199 755 271 795 cura
290 738 398 810 ortum,
419 735 567 796 dubitatio
586 735 775 811 relinquitur.

288 823 400 884 Contra
415 827 443 902 2,
456 828 484 902 6,
497 826 538 885 10
557 828 691 884 extrema
705 825 797 884 uerba
811 842 869 884 αοα
882 841 972 898 osque
981 825 1184 897 adprrcteiem
1198 824 1387 897 {optatibus

198 917 357 974 testatores
382 916 505 974 uictores
527 914 637 973 iniuria
656 913 885 990 Oudendorpius
910 915 1048 988 suspecta
1071 911 1191 991 habuit,
1219 915 1387 989 tamquam

198 1005 308 1062 lemma
331 1003 469 1078 opinatus
492 1003 523 1062 in
546 1004 681 1080 margine
706 1022 741 1062 ea
764 1002 927 1080 adscripta,
953 1000 1059 1061 deinde
1083 1001 1115 1060 in
1138 1003 1306 1077 exemplum
1331 1023 1386 1062 re-

199 1096 286 1168 cepta
305 1111 383 1152 esse:
407 1111 476 1151 nam
495 1092 625 1168 exigitur
644 1111 747 1166 causa,
767 1111 826 1168 qua
845 1110 897 1150 cur
915 1094 1041 1167 postea
1060 1109 1176 1168 quoque
1195 1091 1313 1151 facilius
1340 1112 1384 1152 ex

198 1183 261 1242 acie
280 1181 375 1240 hostis
394 1199 531 1242 cessurus
552 1183 591 1241 sit
610 1184 781 1258 exponatur.

290 1269 391 1330 Uerba
410 1271 537 1347 exempli
557 1274 585 1348 2,
605 1274 633 1345 3,
654 1272 693 1329 21
714 1272 870 1330 secundum
888 1270 1074 1330 Homericum
1092 1289 1218 1337 uersum,
1238 1289 1291 1344 quo
1303 1291 1381 1346 pes-

200 1362 268 1419 simi
286 1362 318 1418 iu
335 1361 461 1418 mediam
478 1363 657 1434 recipiuntur
675 1362 706 1418 in
726 1359 923 1434 suspicionem
942 1377 1014 1418 caue
1034 1378 1134 1433 uoces,
1155 1360 1292 1435 quamuis
1312 1362 1383 1421 alia

199 1448 333 1510 eiusdem
353 1449 470 1526 generis
488 1449 568 1524 apud
581 1449 759 1508 Frontinum
778 1467 838 1508 non
855 1449 1047 1508 inueniuntur
1066 1451 1096 1507 et
1115 1449 1232 1523 longius
1251 1450 1380 1510 uidean-

202 1541 252 1596 tur
266 1538 304 1597 ab
319 1538 383 1597 eius
404 1537 537 1598 siccitate
553 1539 676 1597 distare:
696 1539 742 1598 his
758 1538 834 1597 enim
853 1555 921 1596 curn
939 1537 1039 1597 uerbis
1058 1538 1153 1614 ipsam
1170 1538 1230 1596 uim
1246 1542 1380 1616 exempli

201 1627 416 1703 exstingueres.
441 1627 541 1703 Atque
551 1646 657 1686 uersus
667 1626 817 1686 Homerici
832 1646 899 1686 cum
914 1644 1003 1702 saepe
1014 1623 1063 1702 (of.
1075 1627 1196 1704 Dionys.
1208 1627 1277 1688 Hal.
1289 1632 1342 1707 20,
1355 1633 1376 1690 6

201 1717 237 1776 de
253 1716 355 1775 eodem
370 1715 495 1792 Pyrrho.
507 1747 547 1756 -
558 1715 711 1793 Aristopb.
727 1736 789 1776 ran.
807 1718 900 1776 1034.
922 1715 1025 1792 Polyb.
1045 1719 1092 1791 15,
1110 1719 1159 1788 12,
1175 1720 1202 1776 9.
1221 1719 1270 1795 18,
1281 1720 1333 1795 29,
1346 1721 1379 1781 6.

200 1805 318 1864 Aelian.
339 1808 408 1864 taot.
428 1806 520 1881 praef.
543 1808 558 1864 1
585 1805 662 1880 etl,
685 1808 778 1865 1-2,
820 1804 960 1880 Polyaen.
980 1804 995 1862 I
1014 1797 1159 1886 prooem.)
1183 1805 1268 1882 quasi
1286 1807 1377 1867 testi·

199 1893 298 1953 monia
316 1896 351 1953 de
371 1913 403 1953 re
422 1895 545 1954 militari
564 1895 744 1972 afferuntur,
763 1899 827 1953 tum
846 1913 952 1954 uersus
972 1895 1006 1953 ll.
1027 1897 1056 1971 4,
1075 1896 1138 1954 299
1150 1913 1192 1971 sq.

627 1981 747 2044 Korsote
766 1977 799 2043 δ’
818 1979 851 2043 ἐ(
870 1980 983 2058 uector
1002 1978 1144 2057 ἕλαεεεν,

359 2066 448 2148 ὄφρα
466 2069 517 2133 καὶ
536 2067 595 2134 οὐκ
613 2069 735 2134 ἐθέλων
753 2090 799 2132 τι(
819 2066 973 2150 ἀναγκαίῃ
992 2067 1156 2147 πολεμίζοι

201 2161 341 2220 uidentur
363 2161 395 2220 in
417 2163 770 2238 prouerbiumcessisse:
799 2181 873 2238 quos
897 2166 932 2220 ut
949 2161 1110 2221 Frontinus
1135 2161 1299 2240 significat,
1330 2164 1377 2224 ita

198 2251 375 2310 Ammianus
394 2252 482 2311 Marc.
500 2254 550 2329 24,
571 2254 599 2328 6,
620 2256 651 2312 9:
680 2253 760 2311 Hirro
778 2254 934 2324 imperator
954 2253 1077 2310 cateruis
1095 2253 1227 2324 peditum
1244 2255 1377 2324 infirmis

198 2343 324 2402 medium
341 2343 416 2400 teter
435 2344 511 2400 acics
529 2343 656 2415 spatium
673 2343 828 2401 secundom
846 2341 1033 2399 Homericum
1051 2342 1263 2413 dispositionem
1280 2361 1372 2416 proc·

199 2433 300 2496 stituit,
319 2447 354 2489 ce
373 2431 458 2490 tocott
470 2433 586 2504 priores
596 2432 775 2504 cedentesque
788 2431 952 2503 deformiter·
971 2435 1085 2489 euodes
1099 2434 1261 2488 auerterent
1278 2449 1376 2491 secoro

171 2517 174 2528 ‘
202 2523 253 2578 out
265 2522 450 2593 poststpouor'
463 2537 540 2593 poce
563 2537 659 2578 omnes
682 2522 778 2578 retecti
801 2521 963 2586 centurias,
990 2521 1070 2578 culto
1088 2521 1224 2578 retinente
1243 2521 1376 2581 licentius

199 2613 342 2668 uerterent
361 2613 448 2684 tergo.

290 2696 396 2773 Itaque
415 2717 474 2757 non
493 2697 590 2757 solum
608 2715 687 2756 noua
707 2700 924 2772 strategemata
938 2696 1054 2758 adiecta
1073 2700 1149 2770 sunt,
1170 2699 1223 2758 sed
1241 2699 1374 2774 genuina

201 2805 317 2863 quoque
333 2787 468 2863 exempla
482 2787 566 2846 uario
581 2787 668 2847 modo
683 2791 778 2846 aucta.
803 2787 908 2862 Neque
923 2786 952 2845 id
968 2786 1135 2845 mirandum
1146 2790 1201 2860 eet',
1217 2787 1374 2863 siquidem

201 2878 238 2934 ad
259 2876 490 2953 suggerendum,
510 2875 589 2952 quod
608 2877 674 2954 quis
688 2876 847 2953 inuenerit,
866 2878 896 2934 et
914 2875 1028 2934 indoles
1049 2876 1145 2952 operis
1160 2895 1194 2935 ac
1208 2879 1316 2936 natura
1330 2878 1374 2936 in-

200 2965 284 3024 ducit
302 2966 333 3024 et
350 2965 416 3041 ipse
435 2967 540 3025 auctor
557 2965 700 3025 inuitauit
719 2957 770 3048 (cf.
790 2985 881 3042 supra
899 2985 927 3040 p.
948 2956 1036 3046 335).
1073 2966 1100 3024 A
1120 2965 1227 3042 quibus
1247 2985 1318 3026 uero
1338 2988 1375 3026 ea

200 3055 318 3130 quando
332 3054 504 3116 intermixta
519 3056 587 3133 sint,
602 3075 709 3131 parum
724 3058 852 3114 constat:
868 3056 989 3114 fuerunt
1004 3057 1085 3114 certe
1098 3055 1158 3113 iarn
1168 3053 1199 3112 in
1210 3056 1375 3132 archetypo

201 3143 344 3220 codicum,
363 3143 473 3220 quippe
488 3144 597 3220 quibus
610 3143 724 3220 pariter
734 3144 832 3205 omnia
847 3144 1018 3219 tradantur;
1037 3147 1142 3220 postea
1155 3146 1257 3203 tamen
1275 3163 1375 3204 acces-

201 3235 305 3292 serunt
323 3252 412 3309 quarn
432 3236 557 3315 quartus
576 3234 653 3294 liber
667 3253 733 3294 curn
753 3233 850 3292 tribus
869 3233 954 3293 libris
970 3233 1105 3293 Frontini
1125 3233 1299 3293 coniunctus
1318 3243 1376 3312 est,

202 3322 274 3398 quia
291 3323 317 3381 is
337 3324 441 3382 eodem
459 3323 547 3382 modo
566 3326 671 3383 auctus
691 3325 738 3383 eet
757 3341 815 3399 quo
834 3323 904 3381 libri
922 3321 1044 3398 priores.

679 3533 891 3543 ...m

683 3676 805 3770 Caput
830 3675 891 3750 IV.

623 3826 679 3881 De
708 3825 945 3882 erroribus.

290 3944 443 4004 Nonnulla
461 3947 596 4021 exempla
614 3946 658 4006 ita
676 3947 805 4022 narrari,
830 3949 876 4023 ut,
901 3965 968 4006 cum
992 3947 1209 4023 strategemata
1231 3949 1376 4010 uniuersa

201 4053 268 4094 cum
287 4034 430 4094 memoria
449 4037 616 4095 ceterorum
636 4035 814 4112 scriptorum
834 4038 1012 4112 congruant,
1036 4039 1137 4106 tamen
1162 4037 1211 4096 uel
1236 4037 1374 4112 singulae

200 4123 348 4201 quaedem
371 4143 419 4184 res
438 4126 543 4201 gestae
562 4125 611 4184 uel
629 4125 750 4185 nomina
769 4145 872 4185 eorum
886 4126 937 4201 qui
955 4125 1106 4200 gesserint
1120 4127 1216 4200 magis
1235 4128 1374 4190 minusue

201 4213 382 4293 discrepent,
411 4213 608 4290 iampridem
633 4215 691 4273 uiri
714 4215 794 4276 docti
816 4217 1030 4292 cognouerunt.
1072 4214 1222 4290 Corrupte
1247 4235 1283 4274 ea
1307 4237 1374 4279 esse

200 4302 403 4380 neglegentia,
421 4303 607 4382 ignorantia,
628 4305 759 4365 stultitia
776 4304 973 4381 pessimorum
991 4304 1183 4364 librariorum
1203 4307 1373 4381 superiores

202 4392 332 4454 editores
358 4412 425 4454 cum
451 4393 507 4455 sibi
533 4394 767 4471 persuasissent,
800 4393 930 4471 plurima
954 4394 1104 4471 corrigere
1135 4394 1227 4454 uariis
1255 4382 1372 4457 artibus
