2948 5086
286 218 469 293 Quaestiones
489 220 524 275 dc
542 219 597 274 Iuli
614 218 742 275 Frontini
761 219 983 289 stratagematon
1001 218 1088 274 libris.
1210 219 1275 282 319

103 389 303 468 comparabis,
321 389 469 448 mirabere
488 408 572 467 sane,
601 391 680 465 quod
698 389 730 448 in
749 407 783 448 eo
803 390 878 466 solo,
898 407 965 448 curn
985 387 1025 448 sit
1041 387 1102 448 illis
1122 387 1239 464 longius
1259 407 1277 446 a

102 476 258 553 principio'
269 479 365 554 operis
384 481 548 557 remotum,
574 479 695 538 disertis
714 477 816 538 uerbis
836 496 866 538 eo
885 480 956 538 bello
974 495 1029 552 qno
1047 481 1132 538 uictis
1149 478 1276 537 hostibus

103 585 258 642 copnornen
275 567 443 628 Gnrnnnici
460 571 572 636 rnernit,
588 569 705 643 quando
724 587 773 627 res
792 567 942 644 acciderit,
960 567 1159 644 praedicatur.
1185 567 1276 625 Nullo

102 657 227 716 oonsilio
251 656 430 734 Frontinus,
454 675 513 733 qua
537 659 583 716 est
605 657 754 716 breuitate
779 676 813 717 ac
837 657 1025 731 subtilitate,
1052 657 1097 716 ita
1114 675 1175 716 non
1193 656 1277 718 dixit.

101 745 221 805 Laudes
236 745 424 821 imperatoris
444 765 513 805 eum
527 747 703 824 celebrasse,
722 766 789 806 cum
808 747 914 823 inipso
924 746 1003 806 bello
1013 746 1147 806 iustitiae
1166 746 1277 804 famam

100 838 239 910 paratam
250 854 316 895 esse
326 835 465 908 adiceret,
485 855 544 911 quo
558 836 654 911 magis
669 837 732 895 eius
747 837 877 896 uirtutes
897 836 928 895 et
941 836 1065 895 bellicae
1084 839 1116 895 et
1134 834 1274 895 domesti-

101 943 154 983 cae
169 924 327 1001 ducerent,
347 925 405 984 etsi
418 944 478 984 non
491 925 603 984 iniusta
618 925 747 1000 suspicio
762 928 818 1002 est,
837 925 931 985 nihilo
945 925 1044 984 minus
1059 926 1160 983 tamen
1174 924 1276 983 uerbis

104 1031 140 1072 eo
159 1015 247 1073 bello
266 1031 331 1086 qno
349 1013 509 1090 insigniter
523 1013 669 1092 distingui
683 1015 804 1074 uidetur
817 1014 891 1073 illud
905 1015 1019 1074 bellum
1033 1014 1070 1072 ab
1086 1014 1152 1075 aliis
1171 1016 1278 1088 postea

100 1103 205 1179 gestis.
243 1101 342 1178 Quae,
369 1102 395 1162 si
416 1103 505 1179 paulo
529 1104 599 1179 post
616 1104 782 1163 confectum
807 1104 920 1163 bellum
945 1101 1156 1164 Germanicum
1174 1105 1279 1162 auctor

101 1191 271 1267 exemplum
290 1194 386 1269 2,11,
411 1196 428 1252 7
449 1192 621 1268 scripsisset,
641 1194 679 1253 ob
692 1196 845 1253 recentem
863 1213 967 1253 carum
984 1212 1086 1253 rerum
1103 1192 1278 1251 memoriam

101 1281 146 1340 ita
169 1281 240 1357 poni
262 1300 321 1341 non
340 1281 487 1356 oportuit:
511 1283 622 1357 optimc
646 1301 717 1342 uero
751 1301 787 1342 ea
819 1283 1021 1358 conueniunt,
1056 1282 1081 1341 si
1112 1281 1277 1343 interiectis

101 1370 254 1428 nonnullis
273 1370 368 1445 annis,
387 1371 481 1446 gestis
501 1371 592 1460 stirpi
611 1372 678 1431 aliis
697 1372 799 1446 bellis,
818 1371 929 1447 scripta
948 1390 1015 1432 esse
1033 1373 1187 1447 putantur.
1234 1370 1279 1429 Ac

100 1459 201 1518 nescio
220 1477 258 1517 an
276 1459 357 1518 dicta
376 1458 438 1519 sint
462 1478 495 1519 eo
520 1461 655 1534 consilio,
679 1463 714 1519 ut
737 1460 813 1519 illud
831 1461 944 1520 bellum
964 1463 1166 1536 opponeretur
1188 1460 1277 1519 alteri

101 1548 182 1608 bello
202 1547 391 1622 Germanico,
415 1549 495 1624 quod
517 1550 612 1609 mouit
635 1549 668 1610 L.
689 1549 837 1608 Antonius
857 1542 909 1628 (of.
929 1549 1010 1609 Suet.
1029 1549 1114 1610 Dom.
1136 1552 1153 1609 6
1174 1551 1278 1609 belinm

101 1639 187 1697 ciniis
208 1642 316 1696 notun
339 1657 358 1697 o
381 1638 417 1697 L.
442 1636 583 1706 Antonio,
601 1641 761 1713 sincerioris
785 1637 962 1699 Germaniae
978 1641 1131 1713 proesida
1159 1640 1279 1712 confecit

102 1729 206 1786 absens
228 1728 364 1800 felicitate
385 1730 481 1796 rnirn,
515 1745 579 1787 cnrn
604 1730 669 1801 ipsa
693 1730 887 1788 dimicationis
909 1729 982 1788 horn
1004 1729 1147 1788 resointns
1164 1733 1278 1802 repente

102 1817 223 1874 Rhenus
242 1818 421 1876 transituras
435 1815 645 1876 adAntoninm
662 1819 962 1891 copiesbnrbnrornrn
980 1813 1172 1897 inhibuisset).
1201 1816 1278 1876 Huic

103 1904 247 1964 uictoriae
272 1905 369 1981 facili,
397 1925 487 1981 quam
513 1905 550 1965 de
575 1906 720 1966 militibus
745 1906 895 1966 seditiosis
920 1907 1027 1966 absens
1051 1906 1215 1982 imperator
1233 1926 1278 1966 re·

103 1994 253 2070 portauit,
282 1993 309 2052 si
332 1994 445 2053 bellum
468 1994 628 2054 molestum
652 1996 828 2072 opponitur,
856 1996 935 2072 quod
959 1997 1064 2055 contra
1087 1993 1188 2056 hostes
1214 1995 1278 2071 ipse

104 2083 282 2160 confecerat,
301 2083 376 2143 bene
396 2083 584 2159 explicantur
603 2085 697 2144 uerba
715 2102 746 2144 eo
765 2086 836 2144 betto
854 2104 909 2158 qno
927 2087 1013 2145 nictis
1031 2086 1158 2145 bosiibns
1181 2103 1278 2159 copno·

103 2191 169 2232 rnen
188 2171 356 2232 Gnrnnnioi
373 2175 486 2232 rnernit.
502 2222 506 2229 .
524 2171 608 2243 Quod
628 2173 655 2232 si
673 2193 777 2233 uerum
798 2177 852 2251 est,
872 2193 940 2233 oum
957 2174 990 2234 L.
1010 2173 1159 2234 Antonius
1178 2175 1278 2234 uictus

104 2261 145 2321 sit
164 2280 240 2320 anuo
266 2263 307 2321 88
326 2281 354 2336 p.
375 2254 491 2342 Chr.¹),
509 2262 672 2321 Frontinus
692 2265 761 2338 post
780 2283 848 2323 eum
867 2283 992 2337 annum,
1016 2264 1095 2322 inter
1113 2282 1206 2323 annos
1224 2263 1279 2341 igi-

103 2353 155 2410 tur
174 2352 215 2410 88
236 2352 266 2409 ct
286 2352 326 2410 96
346 2370 375 2425 p.
395 2348 473 2426 Ohr,
493 2353 710 2427 strategemata
729 2352 859 2428 collegit.

193 2439 257 2499 Hac
272 2459 338 2499 cum
350 2439 508 2514 sententia,
527 2459 586 2516 qua
601 2442 838 2516 stratagematon
844 2441 937 2501 libros
946 2459 1006 2499 non
1015 2443 1077 2500 tarn
1088 2440 1174 2501 initio
1189 2460 1278 2518 quam

105 2529 161 2588 sub
181 2528 270 2587 finem
288 2528 407 2603 imperii
426 2529 590 2589 Domitiani
609 2529 789 2606 compositos
809 2549 922 2604 censeo,
941 2549 1000 2590 non
1020 2530 1178 2607 discrepat,
1198 2530 1278 2612 qnod

104 2617 253 2677 Martialis
269 2609 335 2698 (10,
347 2609 403 2699 58)
424 2618 564 2678 extremis
583 2619 668 2677 annis
687 2618 805 2695 imperii
815 2619 979 2679 Domitiani
989 2620 1168 2679 Frontinum
1186 2622 1279 2680 testa-

104 2711 156 2766 tur
173 2707 343 2767 litterarum
363 2707 469 2767 studiis
489 2707 623 2767 deditum
642 2708 749 2785 fuisse3
772 2727 826 2767 neo
848 2709 959 2786 magis,
983 2709 1062 2785 quod
1081 2712 1186 2768 auctor
1209 2713 1278 2768 ante

105 2798 323 2872 strategemata
342 2787 478 2871 (praetl
497 2817 524 2873 p.
545 2800 578 2872 2,
599 2799 653 2856 20:
677 2815 748 2856 narn
766 2815 831 2857 cnnn
848 2799 908 2857 boe
926 2816 1021 2873 opns,
1040 2800 1133 2858 sient
1151 2803 1278 2866 estere,

104 2903 178 2945 nsns
189 2888 289 2959 potins
307 2886 434 2944 niiornnr
448 2930 454 2944 .
470 2932 476 2946 .
493 2932 498 2945 .
514 2904 604 2946 cansa
622 2887 778 2960 onprnrin
795 2878 866 2968 sinn)
891 2886 950 2945 alia
972 2888 1033 2945 iam
1060 2906 1091 2946 se
1110 2906 1200 2963 opera
1219 2887 1279 2947 edi·

106 2974 187 3034 disse
206 2973 292 3051 dicit,
315 2974 394 3034 inter
421 2993 497 3051 quae
523 2993 597 3052 opus
624 2974 660 3034 de
687 2994 720 3034 re
739 2976 864 3035 militari
882 2972 932 3056 (cf.
951 2979 1037 3035 strat.
1055 2977 1148 3052 praef.
1167 2977 1183 3036 Ι
1199 2997 1229 3053 p.
1250 2980 1278 3053 1,

105 3057 199 3144 4sq.)
218 3064 385 3141 perditum,
412 3065 541 3124 fortasse
568 3064 659 3124 etiam
683 3083 757 3140 opus
783 3047 1014 3146 podoniani)
1042 3085 1121 3124 nunc
1138 3066 1279 3126 mutilum

103 3154 289 3213 numeranda
308 3156 387 3212 sunt.

194 3242 259 3301 Iam
278 3241 315 3301 de
334 3246 441 3318 quarto
460 3243 512 3320 qui
530 3243 627 3302 fertur
645 3242 723 3302 libro
742 3244 878 3319 quaestio
897 3244 1024 3304 exsistit.
1061 3244 1139 3302 Eum
1157 3263 1216 3303 non
1240 3244 1278 3304 ab

104 3332 209 3390 eodem
224 3333 344 3391 auctore
359 3332 558 3407 conscriptum
573 3350 646 3405 esse,
666 3333 804 3409 quamuis
823 3333 942 3393 nomine
961 3333 1020 3394 Iuli
1039 3333 1177 3392 Frontini
1200 3335 1279 3409 pari-

102 3424 151 3479 ter
175 3438 208 3479 ac
221 3419 291 3478 libri
304 3419 418 3495 priores
432 3420 594 3496 inscriptus
608 3424 640 3480 et
648 3421 679 3479 in
693 3421 837 3497 principio
853 3425 884 3482 ot
893 3423 924 3480 in
937 3422 996 3481 fine
1006 3421 1046 3481 sit
1058 3421 1178 3498 illisque
1188 3422 1280 3481 fuerit

102 3509 164 3569 iam
183 3509 214 3568 in
233 3507 365 3569 omnium
379 3510 512 3570 codicum
530 3502 725 3592 archetyp03)
736 3511 904 3586 adiunctus,
915 3509 1036 3571 Curtius
1048 3502 1277 3592 Wachsmuth4)

196 3771 221 3838 1)
241 3769 275 3823 cf.
294 3759 451 3824 Mommsen
470 3768 502 3824 R.
522 3767 554 3827 G.
575 3768 600 3823 V
621 3775 678 3826 137.

194 3843 222 3908 2)
241 3840 277 3894 cf.
297 3839 349 3894 Die
369 3839 509 3895 Schriften
527 3840 577 3895 der
595 3846 663 3895 rdm.
684 3839 858 3895 Feldmesser
875 3840 1041 3913 herausgeg.
1061 3857 1115 3896 von
1129 3841 1158 3897 F.
1171 3841 1279 3909 Blume,

102 3911 138 3968 Κ.
157 3911 318 3967 Lachmann
336 3910 394 3966 und
411 3910 444 3966 A.
459 3912 579 3967 Rudorff
594 3911 607 3966 I
625 3918 672 3979 54,
692 3917 739 3966 11:
754 3913 1008 3982 praestentissincns
1027 3918 1122 3984 posteo
1140 3913 1276 3968 Domitia·

102 4000 158 4038 nns
185 3984 223 4038 od
245 3983 294 4038 boc
317 3983 474 4052 benefinnm
487 3984 630 4054 nocnerit
648 3989 673 4038 et
695 3999 752 4038 nno
770 3984 856 4038 edicto
874 3985 959 4039 totins
977 3985 1081 4040 Italiae
1098 3989 1195 4040 melun
1215 3985 1278 4039 iiie·

101 4055 187 4111 ennii.

194 4128 221 4194 3)
241 4125 301 4192 Quo
326 4125 438 4181 saeculo
466 4126 635 4196 archetypus
660 4123 781 4194 scriptus
805 4125 903 4196 fuerit,
931 4143 1030 4197 parum
1054 4127 1177 4183 constat:
1202 4128 1276 4182 certe

104 4196 232 4268 superior
250 4194 362 4251 sacculo
382 4211 456 4252 nono
475 4195 538 4264 fuit,
558 4213 621 4251 cum
636 4198 724 4252 codex
738 4195 885 4252 (iothanus
905 4198 943 4252 sit
961 4215 1034 4253 nono
1053 4198 1165 4253 saeculo
1184 4214 1280 4253 exara-

102 4275 149 4324 tus
167 4267 212 4335 (cf.
232 4265 365 4322 editionis
379 4266 466 4336 praef.
482 4273 497 4333 a
512 4271 552 4338 3);
572 4268 658 4323 etiam
676 4266 780 4323 Paulus
800 4269 934 4324 diaconus
953 4269 982 4324 in
1001 4270 1107 4338 codice,
1126 4288 1210 4339 quem
1230 4270 1278 4324 ad·

103 4339 206 4408 hibuit,
225 4339 356 4408 quartum
376 4337 479 4394 librum
498 4339 570 4408 legit
589 4341 635 4409 (ci.
653 4340 674 4394 1.
693 4339 712 4393 l.
731 4346 746 4405 ξ
767 4342 802 4409 7).

194 4412 222 4478 4)
241 4409 339 4465 necin.
359 4408 429 4464 Mus.
450 4409 500 4465 xv
520 4412 613 4481 (iseo)
634 4415 785 4466 arr-sss.

1010 4499 1065 4555 21*
