2948 5086
183 233 250 298 354
572 230 743 287 Gottholdus
763 231 972 286 Gundcrmannr

184 402 287 479 oppidi
301 422 409 462 nornen
423 402 455 460 in
468 401 607 478 uestigiis
623 402 699 460 latet
715 399 821 476 optimi
834 399 943 463 codicis
957 397 1120 477 Harleiani,
1139 417 1217 458 nunc
1230 400 1373 475 primum

184 491 320 550 adhibiti.
352 493 440 568 Apud
455 490 690 550 Vetuloniam
708 490 803 566 igitur
821 489 1012 549 commissum
1026 488 1173 563 proelium
1187 493 1260 564 puto
1280 490 1370 550 bello

186 583 314 640 Etrusco
334 599 411 640 anno
432 583 495 642 282
516 601 541 641 a.
562 580 629 640 Chr.
649 582 744 654 gesto,
764 580 843 655 quod
862 578 1006 654 Polybius
1027 581 1055 649 2,
1071 581 1121 653 20,
1141 578 1226 638 4-5
1247 579 1370 638 breuis-

188 671 262 729 sime
290 675 501 730 commemorat
529 665 764 747 (παρετάξαντο
788 664 869 743 cccc
899 661 1088 742 ‘Pandione‘
1117 663 1305 744 ἡττηθέντε(
1335 662 1372 728 δ’

186 754 367 833 ὁλοεχερῶτ
389 761 427 840 τῇ
452 752 559 840 μάχῃ).
597 758 724 818 Aemilio
744 758 858 818 consuli
882 776 1044 834 cognomen
1063 757 1173 816 Paulo
1203 776 1370 833 perperam

189 849 254 907 dari
268 850 328 908 iam
343 848 511 908 Gronouius
530 849 658 908 monuit:
679 848 757 925 quod
776 851 877 908 tamen
897 865 1060 924 cognomen
1076 847 1287 922 peruulgatam
1307 867 1371 924 pro

186 939 361 1016 cognomine
375 937 465 1013 Papi
479 939 577 998 minus
592 941 663 998 noto
678 941 780 996 utrum
794 935 934 996 librarius
946 935 1137 996 substituerit
1152 955 1189 994 an
1201 935 1370 997 Frontinus

62 1105 65 1111 Ι
187 1048 225 1087 an
249 1029 354 1088 auctor
378 1047 466 1104 quem
493 1028 545 1086 ille
570 1031 689 1087 secutus
714 1027 762 1103 sit,
790 1026 840 1086 uix
866 1025 1028 1085 existimari
1052 1027 1160 1101 potest.
1199 1025 1370 1102 Perperam

188 1136 352 1194 cognomen
366 1116 474 1176 Pauli
490 1119 581 1177 etiam
595 1116 629 1178 L.
639 1117 767 1176 Aemilio
782 1116 877 1192 Papo
893 1108 1022 1197 (consuli
1038 1117 1100 1174 225
1113 1135 1138 1174 a
1149 1108 1231 1196 chr.)
1246 1115 1369 1176 inditur

188 1206 263 1267 Plin
281 1207 402 1281 3,138:
432 1205 468 1267 Z.
488 1206 612 1266 Aemilio
631 1207 724 1266 Paulo
748 1204 779 1266 0.
799 1204 891 1264 Atilio
909 1204 1019 1278 Reputo
1043 1206 1208 1263 consulibus
1229 1208 1372 1266 nuntiato

189 1294 301 1355 Gallico
325 1297 449 1356 tumultu
473 1299 504 1355 et
528 1297 657 1372 Appian.
676 1294 752 1354 Gall.
775 1297 836 1369 1,2
863 1288 969 1368 ἔετητε
994 1290 1029 1357 δὲ
1055 1288 1134 1352 κατὰ
1159 1290 1284 1355 Κελτῶν
1309 1291 1370 1355 καὶ

186 1379 327 1445 Πάπποε
348 1382 484 1460 [nubles
503 1379 929 1461 6011611Ἀ1μίλιοετρόπαια.

277 1474 413 1533 Eundem
436 1473 468 1544 O.
488 1475 650 1534 Aemilium
669 1475 801 1550 Papum
827 1473 978 1534 consulem
999 1465 1077 1554 (282
1094 1491 1119 1534 6.
1135 1465 1216 1551 0111.)
1240 1473 1367 1533 intelle-

187 1565 318 1640 gendum
338 1583 404 1622 esse
423 1564 453 1621 in
473 1564 607 1640 exemplo
629 1567 656 1641 1,
677 1565 750 1642 4,1,
769 1562 822 1622 ubi
839 1562 962 1621 Aemilii
981 1562 1086 1620 Pauli
1104 1562 1234 1622 consulis
1253 1564 1367 1623 strate·

188 1671 276 1730 gema
295 1655 399 1712 contra
413 1653 590 1712 Tarentinos
610 1653 778 1712 adhibitum
797 1651 937 1728 refertur,
955 1651 1079 1727 Pighius
1100 1670 1226 1729 sumque
1241 1656 1368 1712 secutus

188 1742 353 1801 Tennulius
388 1742 606 1801 existimarunt.
657 1741 714 1800 Sed
746 1739 868 1801 Orosius
898 1743 932 1817 4,
953 1744 985 1818 1,
1005 1743 1040 1813 4,
1067 1740 1229 1818 Dionysius
1256 1745 1312 1819 19,
1335 1745 1367 1819 6,

190 1831 319 1891 Zonaras
340 1833 398 1906 8,2
418 1831 532 1890 bellum
551 1834 655 1891 eontra
673 1831 850 1890 Tarentinos
870 1833 990 1906 gestum
1009 1829 1133 1889 tradunt
1153 1849 1171 1889 a
1189 1829 1222 1892 L.
1232 1831 1367 1892 Aemilio

187 1920 349 1982 Barbula
373 1920 494 1981 consule
514 1914 591 2001 (281
613 1940 639 1980 a.
655 1914 737 1999 0111.)
762 1938 888 1996 eumque
914 1919 951 1978 de
970 1919 1139 1978 Tarentinis
1159 1919 1367 1997 triumphasse

188 2003 269 2088 (280
288 2029 314 2068 6.
329 2003 425 2089 Ohr.):
450 2013 539 2086 atque
559 2011 653 2070 eidem
676 2011 732 2070 hoc
755 2011 939 2086 strategema
958 2009 1086 2068 Zonaras
1106 2007 1220 2068 tribuit.
1253 2010 1366 2070 Micam

188 2099 365 2159 emendandi
382 2100 529 2160 rationem
544 2098 770 2175 Oudendorpius
785 2099 938 2174 ingressus
953 2114 1116 2174 cognomen
1130 2098 1219 2157 Pauli
1240 2099 1363 2160 omnino

188 2189 283 2261 eiecit,
303 2189 383 2265 quod
401 2194 433 2248 et
451 2188 573 2250 Orosius
589 2193 620 2248 et
636 2189 764 2248 Zonaras
779 2206 943 2266 cognomen
957 2187 1087 2247 consulis
1103 2187 1225 2246 Aemilii
1243 2189 1366 2248 omitte-

188 2281 263 2338 rent.
293 2277 351 2337 Sed
365 2298 461 2354 neque
475 2279 673 2357 intellegitur,
691 2297 743 2337 cur
757 2277 873 2336 librarii
897 2296 1060 2354 cognomen
1075 2276 1217 2336 adiecisse
1236 2279 1368 2353 putandi

188 2368 257 2441 sint,
276 2387 330 2426 nec
348 2368 519 2446 Frontinus,
539 2368 590 2428 ubi
608 2368 767 2426 consulis
786 2385 890 2426 uocem
905 2367 997 2441 addit,
1017 2367 1113 2425 solum
1127 2385 1235 2426 nomen
1248 2369 1365 2443 gentile

188 2456 251 2515 sine
266 2458 458 2532 praenomine
474 2461 525 2516 aut
540 2457 716 2534 cognomine
732 2476 839 2531 ponere
856 2456 940 2514 solet.
968 2455 1073 2514 Pauli
1088 2455 1181 2530 igitur
1196 2473 1365 2530 cognomen

187 2544 315 2605 Aemilio
332 2549 359 2620 1,
370 2547 429 2619 4,l
450 2565 606 2622 perperam
625 2546 747 2623 inditur,
766 2547 836 2621 quia
853 2564 940 2604 nemo
956 2545 1102 2604 Aemilius
1117 2544 1249 2604 Paulus
1264 2546 1365 2605 fertur

189 2638 293 2694 contra
305 2635 482 2695 Tarentinos
497 2636 609 2696 bellum
624 2637 761 2712 gessisse.
793 2636 819 2693 A
835 2653 894 2711 quo
910 2653 962 2694 eur
976 2635 1158 2692 commutata
1177 2633 1238 2693 sint
1255 2653 1363 2712 cogno-

144 2720 147 2726 ’
188 2723 282 2802 mina,
307 2724 364 2783 etsi
378 2743 485 2800 parum
505 2727 631 2803 constat,
649 2725 705 2784 hoc
728 2727 829 2783 tamen
853 2723 1010 2798 effecerim,
1029 2724 1059 2782 in
1074 2723 1208 2798 exemplo
1224 2724 1363 2783 Frontini

191 2818 218 2890 1,
232 2816 295 2891 4,1
325 2809 490 2890 uestigium
515 2814 597 2873 cerni
625 2814 786 2874 memoriae
815 2813 965 2889 diuersae,
992 2832 1051 2888 qua
1074 2812 1149 2870 illud
1178 2815 1365 2890 strategema

187 2905 292 2962 contra
302 2903 480 2964 Tarentinos
493 2923 553 2963 non
567 2902 765 2963 ah.Aemilio
780 2903 941 2962 Barbula
956 2902 1083 2979 consule,
1094 2901 1145 2962 sed
1160 2901 1222 2972 aQ.
1232 2902 1362 2962 Aemilio

188 2992 284 3069 Papo
309 2994 429 3052 consule
448 2996 569 3070 gestum
587 2992 772 3074 tradebatur.
810 2992 888 3051 Nam
907 2990 1083 3067 cognomina
1102 2989 1189 3066 Papi
1209 2995 1239 3050 et
1257 2991 1364 3052 Pauli

187 3081 329 3141 facillime
353 3085 584 3158 commutantur,
607 3083 790 3142 Barbulas
815 3085 846 3141 et
869 3081 976 3140 Pauli
999 3100 1059 3140 non
1081 3079 1163 3140 item.
1201 3079 1246 3139 Dc
1265 3081 1365 3157 primo

189 3171 346 3231 consulatu
366 3171 399 3242 Q.
411 3172 531 3231 Aemilii
553 3171 628 3247 Papi
647 3190 713 3232 cum
729 3170 838 3248 Pighio
858 3170 989 3247 cogitare
1008 3188 1042 3230 eo
1063 3169 1263 3246 prohibemur,
1282 3172 1365 3246 quod

189 3279 265 3320 anno
287 3262 349 3319 282
370 3279 395 3320 a.
416 3260 483 3321 Ohr.
503 3261 617 3320 bellum
634 3263 740 3320 contra
759 3260 937 3320 Tarentinos
955 3259 1088 3319 nondum
1113 3258 1258 3318 indictum
1281 3263 1363 3319 erat:

188 3351 240 3410 sed
260 3349 293 3420 Q.
308 3349 455 3410 Aemilius
479 3349 581 3426 Papus
606 3351 710 3412 consul
736 3351 847 3409 iterum
871 3349 928 3408 fuit
955 3347 1166 3409 2786101161
1193 3367 1252 3424 que
1276 3367 1365 3426 anno,

189 3459 257 3498 cum
279 3439 392 3499 bellum
411 3439 609 3500 Tarentinum
627 3439 759 3500 nondum
777 3441 930 3516 patratum
949 3440 1040 3512 esset,
1068 3439 1123 3497 hoc
1142 3440 1328 3514 stratagema
1347 3458 1366 3498 a

189 3529 308 3588 consule
327 3532 447 3605 gestum
466 3549 532 3590 esse
551 3530 637 3590 facile
656 3528 721 3588 fieri
738 3527 837 3604 potuit
855 3531 890 3586 nt
908 3527 1027 3604 quidam
1047 3527 1203 3587 referrent.
1275 3577 1278 3584 ,

278 3617 391 3678 Similis
402 3639 485 3680 error
498 3621 574 3679 latet
587 3619 619 3678 in
634 3619 769 3694 exemplo
780 3620 808 3689 l,
821 3619 871 3692 12,
882 3619 915 3677 3:
936 3617 969 3677 T.
978 3616 1166 3691 Sempronius
1181 3614 1366 3678 Gracchus

189 3708 297 3768 consul.
329 3706 502 3784 Sempronio
522 3710 601 3768 enim
620 3707 732 3767 consuli
753 3700 831 3786 (268
852 3725 877 3766 a.
897 3698 989 3788 Chr),
1013 3706 1064 3782 qui
1083 3705 1219 3766 Picentes
1239 3707 1365 3780 domuit,

189 3797 240 3856 alii
260 3789 310 3874 (cf.
327 3797 357 3858 O.
373 3798 397 3858 Ι.
410 3798 444 3857 L.
458 3799 474 3856 Ι
488 3819 515 3874 p.
532 3790 612 3879 518)
633 3815 796 3873 cognomen
817 3796 890 3855 dant
904 3794 1028 3870 Sopho.
1053 3794 1258 3856 Praenominis
1273 3796 1366 3856 simul

189 3887 289 3947 exstat
298 3886 439 3965 uarietas,
457 3906 523 3946 cum
534 3888 613 3962 apud
624 3886 801 3961 Eutropium
812 3887 888 3962 2,16
900 3885 970 3944 etin
980 3883 1152 3944 Cassiodori
1162 3885 1232 3960 epit.
1242 3885 1366 3962 legatur

188 3976 232 4056 P,
245 3993 305 4035 non
316 3974 348 4034 T.
367 3976 474 4053 Itaque
485 3976 609 4054 Pighius
623 3976 656 4034 P.
667 3975 855 4049 Sempronius
865 3974 999 4048 Sophus
1012 3975 1121 4049 legere,
1133 3972 1365 4050 Oudendorpius

189 4083 362 4145 cognomen,
381 4066 460 4142 quod
474 4085 492 4125 a
505 4066 594 4125 Floro
610 4057 653 4146 (1,
667 4058 731 4146 19),
746 4062 851 4124 Oresio
867 4057 911 4142 (4,
922 4065 950 4138 4,
963 4053 1072 4143 5—7),
1092 4061 1236 4138 Eutropio
1247 4057 1291 4142 (2,
1305 4058 1364 4143 16)

191 4155 348 4230 omittitur,
358 4155 453 4214 eicere
463 4155 578 4216 maluit.
602 4155 662 4215 Sed
671 4173 725 4214 nee
739 4172 919 4231 praenomen
932 4171 986 4212 nec
1001 4170 1165 4229 cognomen
1175 4171 1230 4229 ego
1241 4153 1363 4228 quidem

189 4247 308 4304 mutare
327 4244 433 4326 ausim,
451 4244 576 4320 ueritrrs,
594 4262 632 4304 ne
646 4248 799 4304 auctorem
813 4242 914 4319 potius
933 4244 983 4301 uel
1001 4243 1115 4302 fontem
1130 4241 1193 4300 eius
1212 4242 1365 4318 corrigam

190 4354 281 4410 quam
298 4333 445 4396 librarios.
483 4333 562 4394 Nam
580 4333 711 4409 undique
731 4333 855 4393 collecta
874 4334 1091 4408 strategemata
1109 4331 1249 4408 quoniam
1269 4331 1366 4391 Fron-

190 4425 270 4488 tinus
289 4425 441 4505 congessit
458 4425 489 4485 in
507 4443 595 4485 usum
614 4424 723 4486 ducum
742 4416 791 4503 (cf.
811 4421 904 4498 praef.
922 4421 938 4480 I
956 4443 984 4498 p.
1002 4425 1029 4497 1,
1048 4424 1089 4481 10
1104 4411 1172 4502 sq.),
1191 4439 1250 4480 non
1269 4420 1364 4481 histo-
