2948 5086
300 234 483 300 Quaestionee
502 234 536 290 dc
555 232 608 286 Iuli
627 231 754 290 Frentini
773 235 994 303 stratagematon
1012 234 1098 288 libris.
1219 201 1284 298 1341

112 406 176 465 cius
200 403 337 465 conicias.
378 401 501 463 Certum
528 403 622 479 igitur
649 423 807 462 numerum
834 403 964 471 militum
987 404 1065 464 unde
1093 404 1287 464 restituamus

112 495 185 571 quia
212 514 272 554 non
295 496 445 570 superest,
469 512 547 559 uana
570 492 739 552 coniectura
763 494 958 568 supersedens
983 494 1120 553 lacunam
1147 493 1286 552 indicaui.

204 586 238 658 4,
260 587 291 658 1,
314 585 353 642 14
378 583 511 656 Pprrlrns
526 628 532 641 .
549 629 554 640 .
571 628 577 640 .
586 585 704 656 primns
732 586 820 642 totnm
846 585 1000 642 coercitam
1021 585 1075 642 sab
1095 584 1190 643 eodem
1207 584 1286 642 natio

114 675 259 732 continere
277 674 408 732 institnit.
444 672 573 730 Romani
591 673 692 732 ieimie
706 717 713 730 .
728 715 735 730 .
751 718 757 730 .
772 675 876 732 castris
895 675 956 732 cias
968 674 1055 745 potiti
1069 676 1095 730 et
1107 674 1288 732 ordinatione

111 767 213 822 notata
226 763 375 836 paulatim
398 762 437 820 ael
459 762 534 820 lianc
557 779 647 834 usqne
665 763 866 820 metationem.
882 806 889 820 .
905 765 1117 835 ‚peruenerant
1135 753 1285 840 fabulas¹)

112 852 150 911 de
169 851 331 911 metatione
346 853 512 910 castrorum
532 850 716 924 aFroutino,
735 851 800 909 uiro
819 850 863 909 rei
882 850 1021 909 militaris
1034 850 1216 925 peritissimo
1235 843 1286 929 (cf.

111 942 207 1018 praef.
225 941 255 1000 I:
276 939 350 1000 Onm
368 942 407 999 ad
424 941 625 1000 instruendam
643 943 686 999 rei
703 941 840 1000 militaris
858 942 1007 1000 seientiam
1020 957 1097 1000 mms
1116 957 1150 998 cn
1168 956 1287 999 numero

111 1033 307 1091 stneiiosomm
325 1033 386 1089 eins
405 1032 572 1090 accesserim
590 1032 669 1103 eique
688 1030 839 1096 destinato,
864 1034 1007 1103 ananiam
1025 1046 1098 1088 cana
1114 1033 1217 1088 nostro
1234 1048 1285 1088 aa·

112 1123 176 1188 luit,
195 1121 368 1192 satisfecisse
381 1121 463 1178 nnus
481 1121 557 1179 sim
573 1165 580 1177 .
595 1110 626 1196 .),
645 1117 775 1194 proferri
788 1137 846 1177 non
860 1119 995 1194 potuisse
1007 1137 1178 1194 nouumque
1198 1136 1233 1177 ex
1252 1136 1286 1177 eo

112 1210 212 1285 repeti
239 1207 381 1268 indicium
409 1207 523 1266 alienae
551 1207 676 1284 originis
703 1207 774 1266 libri
802 1208 902 1284 quarti
928 1212 1008 1267 recte
1035 1209 1138 1266 monet
1166 1205 1287 1266 Curtius

112 1298 318 1357 Wachsmuth.
338 1297 437 1356 Minus
452 1299 533 1358 recte
546 1299 649 1356 tamen
659 1297 751 1356 etiam
760 1317 778 1356 a
787 1296 1039 1356 Pseudofrontino
1053 1297 1108 1356 hoc
1119 1297 1288 1372 exemplum

112 1387 316 1462 abiudicauit,
339 1387 418 1462 quod
445 1386 597 1462 incapite
625 1387 659 1446 10
686 1388 841 1460 disciplina
868 1386 932 1446 eius
959 1387 1043 1446 locus
1071 1388 1152 1446 esset
1176 1386 1288 1445 nullus.

111 1469 304 1553 Disciplinae*
322 1475 399 1535 enim
423 1475 590 1551 exemplum
614 1475 713 1534 nescio
737 1494 776 1533 an
802 1474 833 1533 id
855 1475 960 1534 heberi
984 1476 1081 1551 possit
1099 1475 1202 1534 eodem
1221 1474 1288 1534 iure

112 1585 173 1643 quo
192 1566 328 1641 exempla
346 1567 375 1643 4,
396 1568 424 1642 1,
444 1567 471 1624 3.
492 1567 519 1625 4.
541 1566 569 1624 5.
591 1567 623 1623 7:
643 1567 733 1640 etque
752 1567 787 1622 ut
805 1565 948 1640 exemplis
968 1566 998 1643 4,
1015 1568 1042 1640 1,
1058 1566 1086 1625 6.
1107 1568 1124 1624 7
1146 1564 1182 1623 de
1201 1563 1287 1625 disci-

111 1656 196 1732 plina
215 1656 245 1713 in
263 1654 370 1714 itinere
389 1653 550 1714 exercende
568 1653 677 1730 agitur,
696 1653 740 1712 ita
759 1654 901 1730 exemplis
921 1656 957 1727 4,
979 1656 1011 1732 1,
1033 1655 1082 1714 11.
1104 1655 1165 1722 12„
1175 1656 1225 1714 14.
1247 1656 1285 1712 15

111 1745 237 1804 uidetur
254 1743 410 1820 illustrari,
428 1743 574 1819 quomodo
594 1742 750 1818 disciplina
769 1745 894 1820 regetur
912 1743 943 1801 in
957 1743 1072 1802 cestris,
1109 1742 1213 1818 Neque
1232 1744 1288 1802 hoc

114 1833 294 1911 exemplum·
305 1837 465 1909 propterea
482 1832 513 1891 in
533 1832 731 1907 suspicionem
751 1831 839 1908 cadit,
857 1831 936 1908 quod
955 1835 1059 1891 auctor
1078 1831 1135 1892 sibi
1153 1833 1218 1908 ipse
1236 1834 1287 1892 ob·

113 1923 262 2000 loquitur,
292 1942 358 1982 cum
382 1922 413 1980 in
436 1923 570 1996 exemplo
591 1923 630 1997 4,
651 1924 687 1999 1,
708 1923 748 1980 18
773 1921 853 1981 uallo
872 1925 971 1981 cestra
989 1921 1122 1981 Romana
1140 1921 1200 1980 iam
1219 1924 1288 1980 ante

112 2031 248 2090 pugnam
261 2011 341 2087 apud
355 2011 541 2070 Maluentum
555 2010 743 2070 commissam
757 2009 938 2070 communita
957 2029 1020 2070 esse
1039 2010 1140 2070 uerbis
1159 2013 1290 2070 omnibns

113 2107 197 2162 extra
214 2103 327 2161 oollam
345 2103 433 2161 iussis
451 2101 563 2160 tendere
581 2102 683 2175 aperte
702 2100 815 2160 doceat.
851 2099 929 2160 Nam
947 2099 979 2158 in
998 2101 1132 2176 exemplo
1152 2103 1181 2178 4,
1199 2104 1226 2177 1,
1249 2102 1288 2158 14

113 2211 184 2251 eum
194 2210 254 2250 non
264 2209 352 2249 suum
361 2189 493 2266 proferre
503 2189 654 2267 iudicium,
673 2188 726 2248 sed
737 2189 868 2249 auctoris
879 2188 978 2248 nescio
993 2191 1076 2249 cuius
1095 2189 1289 2250 menifestum

114 2282 164 2341 001
183 2281 248 2340 0011.
265 2279 397 2355 Liu35,
414 2280 468 2336 14:
488 2281 634 2352 qaanmti
653 2280 753 2338 deinde
771 2270 844 2356 (1.0.
860 2269 1014 2360 Scipioni),
1033 2297 1115 2353 onan
1133 2280 1289 2338 sommium

110 2375 241 2446 poneret,
264 2369 413 2442 Pyrrham
440 2369 546 2427 dixisse
573 2358 605 2447 (i.
630 2386 654 2426 e.
678 2361 891 2436 Hannibalem)
916 2373 1013 2428 canna
1035 2371 1139 2428 metari
1157 2371 1291 2442 prinnom

115 2461 253 2520 docuisse.
277 2457 345 2517 Non
359 2457 460 2516 autem
474 2475 622 2534 perpensa
636 2455 763 2516 fontium
778 2457 957 2516 auctoritate
972 2476 1026 2517 nec
1039 2458 1188 2517 uarietate
1201 2458 1290 2517 homo

118 2551 177 2608 iste
191 2548 283 2606 hebes
292 2543 369 2606 ‘cum
383 2547 622 2605 narratiunculas
636 2546 767 2623 undique
782 2550 964 2622 congereret,
983 2546 1013 2605 in
1029 2566 1087 2606 uno
1103 2546 1200 2622 capite
1214 2565 1291 2606 com-

115 2638 281 2715 prehensas
300 2636 418 2695 rettulit
438 2655 486 2696 res
504 2636 583 2695 inter
602 2655 634 2696 ee
653 2635 881 2696 diuersissimas.

207 2725 358 2795 Quoniam·
368 2726 499 2802 exposui,
518 2744 594 2800 quae
613 2725 776 2801 exempla
794 2725 893 2785 aliena
907 2728 1015 2802 essent,
1035 2745 1113 2785 nunc
1127 2725 1163 2784 de
1182 2725 1290 2786 adno-

115 2814 319 2876 tationibus
337 2815 516 2890 quibusdam
534 2814 572 2873 ad
591 2816 722 2891 genuina
740 2815 876 2891 exempla
898 2814 1045 2874 adiunctis
1066 2834 1161 2892 agam.
1189 2816 1289 2892 Atque

117 2909 147 2984 1,
167 2907 196 2982 2,
216 2907 233 2964 6
255 2904 348 2964 uerba
366 2904 422 2964 Est
440 2908 465 2964 01
483 2905 565 2964 alinot
583 2905 752 2978 explorandi
767 2921 871 2978 penas,
891 2923 945 2978 qao
964 2906 1021 2978 ipsi
1040 2906 1125 2965 dacos
1142 2905 1223 2964 nialla
1242 2923 1287 2964 cs·

116 2997 257 3055 trinsecus
275 2995 418 3054 adiutorio
431 3011 488 3067 per
505 3011 536 3052 sc
549 2995 714 3067 procident,
733 2995 807 3052 siem
823 2993 1032 3053 transitionem
1052 3011 1117 3053 esse
1136 2994 1288 3070 abaliquo

118 3086 149 3143 in
168 3084 303 3160 margine
326 3085 478 3157 notatam,
508 3103 527 3142 a
549 3082 679 3142 librariis
708 3082 832 3142 curiosis
860 3086 965 3158 postea
987 3082 1067 3142 inter
1092 3083 1228 3158 exempla
1246 3103 1291 3142 re-

117 3177 243 3249 ceptam,
262 3173 411 3231 neminem
424 3175 497 3247 puto
516 3173 588 3244 fore,
608 3172 678 3248 quin
698 3171 841 3232 concedat
859 3191 984 3247 eamque
1003 3191 1070 3231 cum
1081 3170 1291 3248 Oudendorpic

117 3262 230 3322 reiciat.
249 3293 284 3302 -
303 3261 350 3321 Ab
370 3261 481 3337 eodem,
501 3262 628 3321 fortasse
642 3261 704 3320 ludi
724 3261 878 3337 magistro,
897 3280 995 3338 nugae
1013 3261 1202 3321 intermixtae
1222 3265 1292 3320 sunt

121 3354 210 3430 1,11‚
223 3353 277 3411 13:
296 3351 361 3410 Hoc
375 3368 478 3425 penem
496 3353 716 3425 stratagematon
733 3368 792 3409 non
810 3355 923 3410 tantam
937 3368 973 3411 co
984 3354 1073 3424 parte
1089 3351 1228 3410 nimiam
1243 3355 1292 3417 est,

118 3459 177 3515 qna
199 3443 337 3514 inperitos
359 3442 585 3500 existimabimus
604 3458 679 3507 esse,
707 3441 788 3513 upari
811 3457 881 3513 qnos
902 3441 948 3500 his
969 3445 1101 3508 ntanm,
1129 3441 1181 3500 sei
1203 3441 1292 3499 inulto

117 3533 211 3605 magis
229 3548 277 3597 eo,
301 3547 359 3603 qna
378 3530 450 3588 tatio
468 3534 570 3597 eram,
592 3547 666 3604 qnae
684 3530 937 3603 encogitobimiar,
968 3533 1001 3588 nt
1019 3547 1039 3589 a
1057 3530 1114 3589 diis
1131 3533 1292 3590 monstrato

118 3622 282 3686 moriantur,
297 3618 405 3696 quibus
415 3618 475 3678 iam
486 3617 668 3678 stewechius
679 3618 856 3678 Frontinum
866 3618 1018 3695 purgauit.
1037 3617 1184 3678 Namnon
1194 3637 1292 3678 sermo

118 3709 215 3769 solum
235 3708 380 3768 uerbosus
395 3712 426 3768 01
439 3707 607 3768 inconditus
626 3710 715 3785 longe
734 3708 828 3768 distat
846 3707 884 3767 ab
898 3707 981 3767 illius
999 3707 1149 3768 breuitate
1169 3725 1203 3767 ac
1222 3708 1291 3768 sub·

117 3798 237 3873 tilitate,
256 3797 308 3856 sed
327 3798 393 3873 ipsa
411 3817 459 3858 res
478 3799 582 3874 inepta
600 3801 630 3857 et
650 3815 874 3872 superuacanea
893 3799 952 3856 est:
971 3797 1051 3856 idem
1070 3797 1150 3855 enim
1168 3797 1291 3857 breuius

118 3889 150 3945 et
169 3886 335 3962 elegantius
355 3886 517 3947 Frontinus
536 3887 623 3946 modo
643 3887 758 3946 dixerat
779 3890 806 3963 1,
828 3889 877 3958 11,
900 3889 938 3945 13
958 3885 1061 3945 uerbis
1080 3904 1145 3946 cnm
1164 3888 1290 3946 barbaro

119 3980 145 4035 et
162 3978 285 4035 rationis
307 3977 425 4036 indocili
447 3979 536 4037 milite
557 3979 692 4036 uteretur.
731 3975 812 4034 Haec
830 3978 933 4034 tamen
951 3975 1063 4036 homini
1082 3975 1199 4052 loquaci
1217 3977 1291 4034 tam-

120 4097 239 4108 ...——-
247 4096 332 4103 --—

211 4147 237 4214 1)
256 4145 291 4199 ci.
311 4143 383 4200 Plut.
399 4145 495 4216 Pyrrh.
517 4154 562 4202 16:
581 4148 738 4214 πυθόμενος
756 4147 787 4200 δὲ
804 4148 871 4201 τοὺ(
886 4146 1040 4214 Ῥωμαίου(
1059 4147 1141 4212 ἐγγὺς
1159 4145 1230 4202 εἶναι
1249 4149 1294 4200 καί

119 4219 208 4286 πέραν
234 4221 286 4272 τοῦ
313 4217 401 4286 [laroc
427 4225 554 4286 ποταμοί)
584 4219 884 4285 καταετρατοπεδεύειν
906 4217 1088 4286 προεῐππευεε
1111 4223 1153 4288 τῷ
1176 4225 1293 4288 ποταμῷ

119 4291 184 4345 θέα(
212 4289 305 4343 ἕνεκα·
335 4291 380 4342 καί
408 4291 529 4344 κατιδὼν
547 4291 624 4346 τάξιν
642 4307 673 4344 τε
700 4292 743 4342 καὶ
763 4291 888 4356 φυλακά(
914 4291 958 4343 καί
974 4331 980 4342 .
997 4331 1002 4344 .
1018 4327 1024 4343 .
1040 4289 1078 4344 τὸ
1102 4293 1207 4356 (χήμο
1234 4293 1293 4356 τῆ(

119 4360 384 4430 ετρατοπεδεῐα(
403 4361 568 4426 tenuitate
584 4402 589 4414 .
606 4405 611 4416 .
628 4404 633 4416 .
649 4361 724 4416 rain
743 4362 801 4426 μέν,
821 4363 906 4428 εἶπεν,
922 4401 928 4413 .
945 4402 951 4414 .
966 4403 973 4427 ,
988 4361 1059 4431 αὕτη
1074 4365 1133 4414 τῶν
1147 4361 1294 4429 βαρβάρων

122 4435 156 4490 οὺ
176 4433 312 4502 βάρβαροι
328 4475 333 4486 .
350 4473 356 4486 .
373 4474 379 4486 .
395 4463 427 4472 -
447 4430 480 4487 cf.
501 4430 620 4502 Lipsius,
639 4433 673 4488 de
691 4430 796 4487 militia
814 4431 893 4486 Rom.
913 4436 937 4500 1,
958 4436 981 4485 1.
1313 4435 1317 4442 ’
