2948 5086
185 247 251 311 350
572 245 740 302 Gotthcldue
760 245 969 302 Gundermann:

185 416 322 476 incolae
339 420 468 475 nocant
485 445 522 455 -
539 417 681 476 adunans
694 408 860 497 Romanis),
878 435 944 475 cum
959 434 1068 475 nomen
1083 415 1224 475 Volturni
1238 417 1369 476 maximi

186 505 318 565 fluminis
350 505 456 565 Italiae
489 505 638 565 inferioris
671 506 745 564 satis
778 505 857 564 inter
885 524 986 564 omnes
1017 505 1232 583 peruulgatum
1260 505 1367 566 fuerit.

125 633 134 652 .
188 593 384 655 Commissum
404 594 581 655 aFrontino
597 613 726 654 errorem
748 614 813 654 esse
831 614 917 671 nego,
937 595 1007 670 quia
1023 599 1129 654 uentus
1149 599 1180 654 et
1198 595 1292 654 amnis
1315 615 1367 656 eo-

188 685 255 744 dem
273 685 392 744 nomine
417 683 560 760 appellati
584 703 643 743 non
667 683 842 759 simpliciter
868 687 1102 758 commutantur,
1131 684 1183 744 sed
1206 685 1252 744 uis
1275 686 1367 744 uenti

185 777 252 833 crta
276 775 408 834 creditur
431 777 540 833 natura
563 773 707 832 fluminis:
736 792 825 849 quam
850 773 1074 848 explicationem
1101 774 1183 832 haud
1209 775 1366 834 indoctam

186 863 252 938 ille,
276 863 334 922 nisi
355 864 387 922 in
405 864 487 922 fonte
511 863 647 940 legisset,
671 867 751 921 certo
769 882 829 922 non
847 862 1018 938 adiecisset,
1041 881 1107 921 cum
1131 882 1169 922 ne
1187 864 1219 921 in
1236 864 1365 938 reliquis

185 953 304 1028 quidem
325 952 468 1029 exemplis
482 953 684 1011 narrationem
703 952 795 1011 fontis
810 971 919 1027 augere
939 953 1035 1011 soleat
1054 944 1105 1032 (cf.
1121 970 1212 1028 supra
1226 973 1253 1028 p.
1270 946 1365 1034 339).

185 1041 255 1118 Ipse
272 1041 367 1118 igitur
386 1059 565 1119 quamquam
590 1042 662 1100 haec
680 1061 740 1100 non
763 1041 908 1116 confudit,
933 1041 997 1100 iure
1021 1045 1137 1117 tamen,
1161 1042 1231 1119 quia
1254 1061 1288 1101 ea
1313 1061 1363 1100 re-

187 1132 279 1211 cepit,
299 1132 377 1190 sicut
393 1131 558 1204 inuenerat,
579 1131 603 1189 si
621 1149 681 1190 non
699 1131 844 1205 inscitiae,
863 1133 944 1189 certe
964 1131 1148 1190 credulitatis
1168 1129 1365 1208 incuriaeque

115 1220 118 1230 ’
186 1241 254 1280 eum
273 1239 391 1298 argues.

275 1309 412 1386 Exempli
432 1312 461 1384 3,
482 1312 509 1384 9,
531 1313 548 1368 2
570 1327 686 1368 summa
704 1310 778 1368 baec
797 1311 854 1368 est:
883 1308 993 1368 Fabius
1018 1309 1097 1384 apud
1116 1310 1214 1384 Arpos
1234 1308 1365 1369 obscura

187 1403 274 1459 nocte
294 1402 444 1459 sescentos
464 1399 575 1458 milites
594 1398 684 1472 misit,
706 1399 757 1474 qni
776 1417 829 1474 per
847 1398 949 1474 oppidi
969 1403 1083 1474 partem
1107 1400 1205 1457 minus
1224 1400 1365 1474 frequen-

102 1512 111 1522 ·
184 1494 246 1548 tem
270 1488 357 1548 scalis
382 1487 478 1547 euecti
501 1489 532 1546 in
555 1508 674 1546 murum
698 1490 801 1562 pertas
819 1486 1013 1547 reuellerent:
1041 1486 1104 1563 ipse
1124 1489 1193 1547 dato
1213 1489 1297 1563 signo
1319 1489 1359 1546 ab

184 1578 244 1637 alia
262 1581 347 1653 parte
365 1577 526 1653 adgressus
546 1577 625 1652 cepit
646 1577 750 1651 Arpos
783 1577 841 1636 Res
860 1576 955 1652 igitur
973 1596 1026 1652 per·
1046 1595 1077 1635 se
1097 1596 1157 1636 non
1179 1578 1293 1637 incerta
1312 1577 1359 1634 ui-

184 1668 279 1726 detur.
316 1665 495 1743 Comparate
521 1670 622 1726 tamen
645 1666 772 1726 Liuiana
796 1665 966 1725 narratione
996 1660 1067 1746 (24,
1088 1668 1128 1725 46
1159 1684 1223 1726 earn
1240 1670 1363 1740 pariam

185 1759 273 1817 scalis
285 1759 374 1830 prins
393 1759 587 1831 iranepressos
605 1773 722 1814 nrnrnrn
740 1757 854 1828 uper-ire
868 1773 901 1814 en
915 1758 1049 1815 interiore
1061 1760 1150 1829 parte
1167 1760 1219 1815 ani
1231 1757 1363 1815 claustra

182 1848 342 1921 refrinpere
364 1847 441 1905 iubet
465 1891 541 1906 .....
562 1862 597 1904 ae
613 1845 707 1919 panio
726 1849 792 1904 ante
809 1845 901 1904 lacem
918 1863 984 1918 per
1008 1846 1201 1919 effractam
1218 1849 1360 1918 portura

183 1938 284 1995 nrbern
306 1927 520 2014 inpenditur)
540 1932 773 2009 Oudendorpius'
797 1933 921 1993 offendit
942 1934 974 1992 in
998 1933 1098 1993 uerbis
1121 1936 1157 1993 ab
1180 1935 1242 1993 ulia
1261 1938 1359 2008 parte,

184 2044 251 2085 cum
274 2025 386 2083 diceret
412 2017 475 2082 ‘cui
498 2042 571 2101 ergo
597 2023 674 2083 bono
698 2023 736 2082 ab
760 2022 900 2082 interiore
924 2025 1010 2099 parte
1033 2024 1153 2099 portam
1177 2023 1273 2098 illam,
1298 2041 1368 2097 qua,

184 2112 414 2190 adscenderant,
437 2113 583 2197 reuellere
603 2105 809 2172 debuerunt?'
847 2110 921 2171 Cum
944 2112 1004 2171 illis
1023 2114 1124 2170 autem
1143 2115 1180 2170 ut
1197 2113 1270 2170 haec
1289 2129 1359 2170 con-

186 2203 300 2279 cinant,
327 2221 364 2261 ne
388 2201 619 2261 correctionibus
643 2201 763 2278 quidem
787 2220 860 2278 quas
883 2201 1040 2277 proposuit
1064 2201 1205 2260 eflicitur:
1231 2220 1299 2259 nem
1325 2219 1361 2260 ea

184 2311 238 2368 pro
254 2293 315 2352 aliu
334 2291 360 2350 si
378 2290 540 2367 scripseris,
558 2291 651 2350 uerba
666 2292 702 2349 ab
717 2308 751 2350 eu
764 2295 852 2364 purte
866 2290 940 2349 satie
954 2289 1099 2366 languida
1113 2293 1202 2367 atque
1217 2309 1360 2364 superna-

185 2400 277 2442 canea
305 2383 389 2457 sunt3
423 2384 454 2439 et
482 2381 588 2439 annisu
615 2384 705 2453 portu
738 2381 898 2454 inpressas,
921 2380 1009 2456 -quod
1037 2379 1114 2438 idem
1143 2379 1312 2454 proposuit,
1343 2398 1361 2437 a

185 2470 303 2530 traditis
322 2469 433 2528 litteris
452 2469 547 2529 nimie·
560 2468 673 2528 recedit
691 2487 788 2544 neque
803 2469 925 2544 propter
939 2471 1032 2529 uerba
1053 2470 1119 2528 duic
1137 2471 1218 2542 sipnc
1237 2467 1361 2526 admitti

184 2562 294 2636 potest
330 2557 496 2618 Conuenire
515 2558 644 2635 uidetur,
669 2557 704 2616 de
724 2576 781 2632 quo
801 2559 864 2632 ipse
883 2557 1028 2633 cogitaui:
1051 2560 1113 2632 ipse
1137 2558 1204 2617 dato
1222 2559 1303 2631 sipnc
1322 2559 1361 2616 ab

185 2650 246 2709 ulia
267 2652 355 2723 parte
381 2641 490 2724 <quarn
512 2641 747 2724 exspectabatur>
777 2648 945 2720 adpresene:
972 2647 1016 2705 ita
1044 2647 1213 2722 exemplum
1236 2649 1266 2705 et
1289 2665 1360 2706 con-

184 2741 308 2816 grueret
325 2755 393 2796 cnm
412 2735 498 2796 Liuio
517 2755 571 2796 nec
589 2736 710 2796 consilio
730 2735 818 2795 buius
838 2736 944 2811 capitis
963 2755 1022 2796 non
1035 2736 1229 2812 responderet
1249 2727 1299 2815 (de
1311 2737 1358 2794 in·
1467 2755 1472 2764 ·

183 2830 316 2902 ruptione
335 2843 368 2886 en
386 2828 504 2886 diuersa
521 2829 609 2900 purte
631 2844 719 2899 qnam
738 2826 978 2898 respectabimnn·
1007 2824 1026 2898 ἓ
1048 2829 1080 2890 1:
1105 2824 1201 2899 Scipio
1300 2843 1362 2897 qna

183 2935 243 2976 nen
266 2917 490 2990 exspectabatur,
513 2917 641 2988 inrupit·
665 2915 700 2974 cf.
721 2911 761 2988 ἓξ
783 2916 811 2973 6.
832 2916 861 2974 8.
882 2909 924 2995 9).
962 2913 1020 2973 Sed
1044 2913 1181 2989 quamuis
1200 2913 1232 2972 in
1254 2914 1362 2972 multis

184 3007 228 3066 ita
246 3005 433 3066 consentiant
449 3004 554 3062 Liuius
573 3007 603 3063 et
622 3004 783 3063 Frontinus
810 2995 941 3082 (Liuiusz
965 3005 1172 3077 contenplatns
1191 3021 1225 3062 en
1237 3005 1363 3076 propin-

185 3114 240 3170 quo
257 3097 363 3155 sitnm
380 3095 480 3154 urbis
502 3095 669 3166 moeniaque
694 3124 732 3133 —
759 3092 933 3151 Frontinus:
957 3095 1134 3152 cnsideruio
1153 3094 1224 3152 siin
1242 3092 1363 3162 urbis,-

185 3184 303 3244 Liuius:
333 3185 550 3258 infrequenti
571 3185 625 3242 nia
646 3199 712 3256 per
734 3183 876 3242 daniam
900 3186 1040 3256 purtem
1061 3181 1161 3241 urbis
1185 3213 1222 3221 —
1243 3179 1363 3239 Fronti-

184 3293 255 3333 nus:
278 3291 343 3347 per
360 3274 504 3332 narniiarn
522 3289 608 3346 eoqnc
625 3273 741 3331 ninas
762 3274 978 3345 frequentem
997 3273 1119 3346 oppidi
1137 3263 1303 3347 partera),
1324 3274 1363 3328 ut

185 3364 232 3422 hic
247 3382 282 3422 ex
295 3363 348 3422 illo
362 3362 491 3439 pendere
506 3362 652 3434 uideatur,
666 3365 768 3420 tamen
784 3360 843 3420 alia
858 3359 1075 3420 dubitationem
1090 3360 1237 3420 adferunt.
1257 3358 1360 3418 Huius

186 3453 264 3512 enim
286 3452 379 3511 uerba
402 3451 595 3527 interpretari
617 3453 703 3528 potes
728 3451 782 3510 sic:
812 3451 916 3525 portis
935 3450 1081 3510 relractia
1101 3448 1229 3509 sescenti
1246 3448 1373 3516 milites

186 3541 349 3619 oppidanos
378 3543 503 3618 atergo
526 3542 765 3617 perterruerunt,
794 3538 831 3597 ab
855 3538 915 3597 alia
940 3542 1041 3614 parte,
1070 3539 1210 3597 afronte
1236 3536 1363 3614 scilicet,

185 3632 297 3691 Fabius
317 3631 414 3706 Arpos
435 3630 632 3705 adgressus
652 3631 710 3688 cst:
739 3629 827 3704 quale
848 3630 1032 3704 stratagema
1051 3630 1098 3687 est
1116 3626 1204 3686 Marii
1223 3627 1362 3701 exemplo

185 3719 356 3798 insequenti
373 3710 418 3799 (3,
434 3721 463 3798 9,
479 3712 513 3799 3)
532 3720 696 3777 narratum.
730 3717 812 3788 Quae
827 3717 1034 3794 interpretatio
1050 3717 1076 3776 ei
1094 3735 1167 3775 uera
1185 3719 1238 3789 est,
1257 3715 1289 3773 in
1303 3715 1363 3774 hoc

186 3809 321 3885 exemplo
349 3808 493 3868 memoria
522 3807 652 3867 cernitur
676 3825 694 3865 a
717 3807 803 3865 Liuio
831 3806 953 3883 paulum
978 3806 1111 3866 diuersa:
1139 3807 1230 3881 longe
1257 3806 1364 3863 antem

187 3900 275 3960 aliter
293 3898 366 3956 baec
384 3898 478 3956 refert
495 3895 650 3972 Appianus
670 3895 767 3956 Hann.
784 3898 833 3955 31.
868 3895 955 3954 Certe
967 3913 1081 3971 ,parum
1099 3893 1296 3971 probabiliter
1310 3891 1365 3984 Li-

185 3990 254 4048 uius
272 3987 366 4046 tradit
388 4005 442 4062 per
465 3986 627 4045 cornicines
650 3985 682 4043 in
705 3985 755 4042 uia
779 3985 902 4060 paribus
920 3985 1090 4044 interuallis
1110 3983 1271 4059 dispositos
1290 4001 1362 4042 con-

187 4079 282 4137 sulem
301 4075 462 4135 excitatum
481 4093 560 4152 esse,
582 4078 618 4134 ut
636 4075 722 4150 signa
740 4074 840 4133 efferri
857 4074 977 4133 iuberet
999 4074 1162 4149 urbemque
1184 4092 1238 4148 per
1257 4071 1364 4132 effrac-

186 4172 249 4226 tam
266 4167 384 4242 portam
402 4163 619 4243 ingrederetur.
651 4163 757 4224 Nonne
776 4164 938 4223 cornicines
956 4164 991 4221 ut
1006 4163 1155 4221 consulem
1171 4161 1214 4220 ita
1228 4161 1363 4236 Arpinas
1470 4171 1471 4184 ¹

186 4256 372 4330 exciuerunt,
400 4257 435 4313 nt
457 4254 564 4330 exiguo
588 4271 710 4311 numero
733 4252 952 4329 ingressorum,
982 4254 1140 4328 antequam
1165 4252 1268 4310 consul
1292 4269 1363 4310 cum

186 4345 278 4421 copiis
297 4344 437 4403 accedere
454 4345 571 4419 posset,
590 4361 740 4401 summum
758 4342 924 4417 periculum
943 4339 1126 4401 confierent?

275 4433 463 4509 Strategema
483 4434 516 4509 2,
536 4432 569 4508 4,
589 4433 607 4490 5
632 4431 793 4492 Frontinus
816 4450 834 4489 a
858 4430 888 4491 O.
913 4430 1044 4506 Sulpicio
1069 4429 1170 4489 Petico
1193 4430 1370 4505 consule,
