2948 5086
183 237 247 300 336
569 234 738 292 Gottholdus
758 234 969 290 Gundcrmannz

272 403 375 482 Neque
391 405 544 464 adsentior
559 403 662 464 (lartio
677 404 873 464 Wachemuth
888 405 1057 480 exemplum
1068 407 1097 480 1,
1108 405 1169 478 2,4
1185 405 1361 479 suspectum

182 496 319 555 habenti:
345 513 414 554 nam
438 497 653 573 strategemata
680 498 706 572 1,
727 497 789 566 2,3
816 486 983 575 (Hamilcar
1006 492 1159 553 Rhodinus
1184 493 1359 552 simulato

183 585 316 645 exsilio
336 585 414 660 apud
433 583 636 644 Alexandrum
655 576 802 663 moratur)
823 585 976 661 511,2,4
997 574 1274 662 (Carthaginienses
1292 601 1360 658 per

184 675 340 750 speciem
353 674 558 750 legatorum
577 673 688 733 Romae
708 667 874 752 morantur)
890 691 949 731 nan
968 673 1064 731 solum
1083 671 1158 732 satis
1178 671 1263 731 uaria
1277 675 1358 747 sunt,

183 764 347 822 sedetiam
370 781 466 838 genus
490 762 608 822 dicendi
631 763 705 822 bene
729 780 796 820 cum
820 761 1033 821 consuetudine
1059 761 1193 820 85551151
1218 761 1359 837 congruit

184 845 283 933 (Idem
309 851 578 926 Oaribaqiuieases:
601 851 637 912 cf.
659 854 690 924 1,
710 853 739 925 5,
764 852 806 910 20
828 850 989 924 Spartacus
1012 881 1054 891 —-
1079 853 1118 909 21
1140 850 1225 910 Idem
1246 881 1290 890 —
1314 852 1358 909 22

185 943 285 1013 Idem,·
306 945 334 1018 2,
346 942 373 1015 5,
386 944 425 999 21
444 942 598 1001 Hannibal
616 973 652 981 -
671 943 711 999 22
727 940 811 999 Idem
825 940 978 999 Huuuibal
995 971 1032 981 —
1050 940 1191 998 231deru
1204 940 1360 999 Hauuibai

186 1063 223 1072 -
246 1032 288 1090 24
303 1032 387 1090 Idem
404 1061 449 1071 -
468 1033 508 1090 26
529 1031 613 1090 Iduu
627 1030 797 1101 Huuuibui,·
815 1033 905 1104 atque
918 1047 975 1103 per
990 1031 1109 1102 speciem
1129 1030 1301 1103 beataum:
1319 1029 1358 1088 cf.

186 1125 213 1196 1,
235 1123 262 1194 1,
283 1123 301 1181 3
320 1137 377 1194 per
396 1123 516 1194 speeiem
533 1121 681 1178 seruitutis
702 1123 729 1194 1,
750 1123 778 1193 1,
794 1119 812 1178 5
831 1136 887 1192 per
910 1121 1030 1192 specim
1047 1121 1211 1178 securitatis
1231 1123 1258 1193 1,
1278 1119 1306 1191 4,
1327 1120 1360 1176 4.

186 1212 235 1268 12.
255 1211 283 1282 5,
300 1210 328 1268 5.
345 1211 395 1268 22.
416 1211 466 1268 26.
492 1211 519 1282 2,
541 1211 569 1284 2,
589 1210 618 1268 5.
643 1211 671 1286 3,
696 1210 745 1267 12.
770 1210 799 1283 4,
819 1211 847 1268 3.
867 1210 895 1266 6.
917 1209 944 1267 8.
970 1210 998 1284 5,
1020 1210 1069 1268 17,
1089 1209 1140 1266 28.
1161 1210 1211 1284 12,
1231 1208 1259 1266 3.
1279 1210 1307 1265 4.
1329 1209 1359 1282 3,

184 1302 213 1372 2,
233 1300 260 1358 8.
284 1300 333 1358 10.
353 1300 382 1372 8,
402 1300 429 1358 2.
457 1301 505 1372 10,
526 1300 554 1359 2.
581 1301 631 1371 ll,
651 1299 678 1364 5.
705 1299 756 1375 13,
776 1290 820 1376 6).

272 1387 379 1446 Α11555
397 1406 485 1462 porro
505 1390 575 1446 sunt
594 1387 729 1461 exempla
750 1389 778 1459 1,
799 1389 827 1462 7,
849 1388 875 1446 7.
901 1388 929 1461 2,
951 1388 1000 1463 11,
1022 1388 1050 1445 6.
1075 1388 1104 1463 3,
1124 1388 1175 1463 13,
1195 1388 1224 1446 3.
1243 1388 1271 1445 4.
1291 1377 1358 1466 6¹)

184 1477 260 1536 Nam
281 1479 497 1552 strategemata
516 1478 545 1551 3,
563 1478 612 1550 13,
629 1477 715 1534 3-5
735 1494 753 1533 5
772 1494 829 1551 quo
848 1475 993 1534 aduersus
1012 1493 1086 1551 quos
1106 1475 1224 1550 quando
1237 1474 1291 1534 ubi
1305 1475 1358 1533 ad·

185 1567 283 1624 hibita
301 1567 369 1640 sint,
388 1568 492 1624 contra
510 1564 756 1625 consuetudinem
771 1564 907 1622 Frontini
925 1584 984 1624 non
998 1565 1138 1637 traditur,
1161 1566 1196 1623 51
1214 1563 1361 1624 adnotata

184 1656 344 1714 uideantur
362 1654 400 1713 ab
419 1655 529 1729 aliquo,
547 1649 599 1730 qui
617 1654 752 1730 pleniora
771 1654 873 1712 eadem
892 1652 924 1711 15
946 1653 1134 1713 collectaneis
1157 1645 1359 1734 inuenerat2)
1446 1709 1450 1716 .

183 1744 320 1820 Exempli
348 1745 447 1802 autem
479 1745 506 1820 1,
528 1745 594 1820 7,7
624 1743 753 1802 5115555
781 1743 926 1818 originem
955 1746 986 1802 51
1009 1761 1106 1802 sermo
1134 1741 1291 1802 confirmat
1317 1743 1358 1801 ab

183 1852 238 1892 usu
263 1831 400 1892 Frontini
423 1833 585 1892 abhorrens
606 1823 698 1912 (Nou
725 1834 881 1898 alienus,
909 1837 946 1891 ui
974 1833 1147 1900 arbitror,
1179 1832 1233 1891 bie
1261 1833 1359 1891 iocus

184 1927 233 1982 esi
254 1922 433 1995 refereudi
455 1923 565 1995 fuctum
587 1920 752 1980 Alexandri
770 1922 940 1980 Macedouis
962 1922 1035 1981 iilud
1052 1921 1146 1980 uobile
1163 1922 1214 1994 qui
1232 1963 1239 1979 .
1259 1967 1265 1980 .
1284 1913 1306 1999 .)
1325 1925 1358 1980 et

183 2013 249 2088 ipsa
276 2030 323 2070 res
351 2029 370 2068 a
395 2010 518 2086 reliquis
548 2009 690 2086 exemplis
720 2011 783 2069 eius
811 2010 918 2085 capitis
947 2010 1066 2069 omnino
1096 2011 1216 2068 diuersa
1249 2001 1358 2090 (quau-

184 2102 339 2160 admodum
358 2117 401 2166 ea,
420 2101 523 2172 quibus
541 2101 715 2172 deficiemur,
733 2101 889 2159 uideuatur
911 2117 970 2158 ucu
988 2101 1082 2158 deesse
1100 2103 1152 2158 aut
1168 2116 1241 2158 usus
1259 2116 1358 2157 eorum

186 2191 352 2264 eupieaiur:
377 2186 397 2262 ἓ
419 2190 435 2246 1
456 2207 548 2247 55555
575 2220 611 2230 -
638 2189 718 2248 15115
746 2187 765 2264 ξ
783 2192 800 2248 2
821 2206 913 2246 55555
935 2191 1115 2246 -tranare
1142 2185 1162 2262 ἓ
1182 2189 1200 2246 3
1222 2191 1358 2263 spartum

184 2278 343 2337 -crines
371 2273 405 2351 [ξ
425 2274 561 2352 41155]
591 2275 644 2352 §5
671 2281 756 2338 scuta
777 2311 815 2318 -
836 2276 959 2336 cortices
983 2274 1003 2351 ἓ
1024 2278 1042 2335 6
1067 2279 1152 2335 55515
1178 2308 1214 2316 -
1245 2277 1359 2335 515155

184 2365 204 2442 15
221 2371 238 2427 7
259 2362 344 2426 sitis
366 2397 402 2407 —
425 2362 699 2444 temperantia):
724 2367 907 2442 descriptum
926 2368 973 2424 551
992 2384 1026 2424 ex
1046 2366 1143 2440 capite
1162 2366 1202 2424 de
1221 2368 1360 2441 tempe·

184 2456 306 2516 rantia
323 2455 394 2513 libri
411 2455 511 2514 nescio
530 2455 622 2529 55155,
642 2459 677 2514 51
695 2456 807 2514 fabium
829 2455 961 2514 eiusdem
981 2453 1144 2513 Alexandri
1164 2457 1192 2528 2,
1213 2457 1262 2528 11,
1283 2457 1300 2514 6
1322 2474 1359 2513 ex

183 2546 281 2620 capite
306 2543 346 2602 de
366 2545 594 2603 abstinentia
613 2549 764 2620 sumptum
788 2548 849 2620 est;
879 2544 914 2602 ef.
937 2541 1004 2601 Val.
1025 2543 1102 2604 hlax.
1121 2546 1150 2620 4,
1171 2545 1189 2602 3
1215 2545 1360 2626 1551515·-

183 2637 282 2695 ueuiia
300 2638 325 2692 ei
343 2635 528 2701 couiiueuiia,
554 2633 605 2692 ubi
624 2631 643 2708 ἓ
666 2638 680 2692 1
704 2635 781 2692 1155
793 2687 795 2692 .
807 2633 920 2692 155155
941 2632 1085 2708 Scipionis
1104 2633 1261 2711 laudatur,
1279 2635 1358 2709 quod
1459 2697 1460 2718 ,

185 2726 289 2783 narrat
307 2722 469 2782 Frontinus
489 2725 517 2794 2,
538 2725 589 2800 11,
609 2725 638 2782 5.

273 2813 419 2888 Exempla
441 2810 587 2887 Scipionis
612 2815 642 2870 et
660 2811 835 2884 Alexandri,
863 2812 943 2887 apud
966 2811 1142 2870 Frentinum
1163 2813 1268 2888 2,11,
1288 2813 1317 2872 5.
1338 2814 1356 2870 6

183 2921 261 2962 5555
285 2902 374 2961 51155
398 2901 570 2977 coniuncta,
598 2901 657 2959 iam
682 2901 847 2976 antiquitus
870 2901 980 2960 collata
1003 2900 1094 2959 fuisse
1117 2904 1201 2976 patet
1225 2919 1260 2959 ex
1283 2900 1358 2960 locis

185 2990 273 3051 Gellii
300 2993 331 3068 7,
355 2992 374 3049 8
404 2994 433 3048 51
459 2990 611 3050 Ammiani
641 2991 691 3063 24,
714 2992 744 3062 4,
770 2992 820 3067 27,
848 2989 899 3067 qui
924 3009 1045 3049 uxorem
1076 2989 1165 3048 Darei
1194 2990 1358 3067 appellant,

184 3100 273 3157 quam
291 3081 339 3139 hic
358 3079 482 3138 eximiae
501 3079 729 3156 pulchritudinis
749 3079 897 3154 uirginem
915 3078 1074 3154 captiuam,
1093 3077 1238 3138 finitimae
1258 3079 1359 3154 gentis

185 3169 312 3245 principi
325 3169 510 3244 desponsam.
539 3168 700 3226 Praeterea
714 3169 835 3244 2,11,6
852 3169 991 3228 traditum
1005 3171 1046 3227 esi
1060 3160 1111 3240 (cf.
1126 3185 1217 3243 supra
1231 3187 1260 3243 p.
1277 3159 1358 3248 331)
1458 3201 1459 3248 3

184 3278 242 3318 non
262 3259 357 3334 magis
376 3257 512 3316 Frontini
532 3261 578 3316 est
597 3276 685 3334 quam
704 3258 779 3317 illud
799 3276 908 3331 quoque
921 3249 1139 3339 (Aleuaudruru
1158 3275 1266 3329 quoque
1281 3299 1287 3314 .
1302 3299 1309 3314 .
1325 3249 1358 3333 .),
1458 3253 1459 3262 ³

112 3421 113 3426 η
184 3347 263 3425 quod
281 3347 354 3406 item
373 3346 485 3421 legitur
502 3347 534 3404 in
553 3348 695 3424 exemplis
713 3348 818 3407 alienis
839 3350 867 3423 2,
886 3349 917 3426 4,
937 3349 977 3404 14
997 3337 1100 3426 (Poeui
1118 3363 1227 3418 quoque
1241 3389 1248 3404 .
1263 3391 1270 3404 .
1285 3339 1308 3425 .)
1327 3349 1360 3404 et

185 3439 213 3513 3,
235 3438 285 3510 13,
305 3438 323 3495 3
344 3429 518 3514 (Veuaiicui
536 3455 645 3512 qaoque
665 3429 740 3517 ..).

273 3522 385 3583 Ocntra
402 3526 538 3601 exempla
559 3528 586 3603 1,
602 3528 631 3602 8,
651 3529 679 3586 6.
708 3530 733 3603 1,
755 3527 805 3601 11,
826 3529 875 3584 11.
901 3526 950 3583 12.
977 3526 1026 3583 13.
1052 3527 1081 3598 2,
1102 3526 1130 3600 5,
1151 3527 1201 3584 31.
1231 3526 1259 3597 3,
1279 3526 1308 3598 9,
1328 3527 1358 3586 3.

184 3617 262 3692 4,1,
284 3616 325 3672 14
353 3614 463 3672 iniuria
490 3615 521 3672 in
548 3615 744 3690 suspicionem
773 3615 874 3674 uocari
906 3613 979 3673 mihi
1008 3614 1156 3672 uidentur.
1200 3612 1301 3688 Atque
1325 3613 1359 3671 15

184 3704 317 3780 exemplo
334 3705 362 3780 1,
377 3704 407 3780 8,
422 3704 440 3763 6
461 3701 581 3762 Curtius
602 3703 798 3763 Wachsmuth
816 3704 970 3777 uituperat
987 3702 1189 3760 narrationem
1208 3701 1296 3760 nimis
1315 3703 1359 3761 in-

183 3796 296 3853 certam
316 3787 499 3871 (quaedaur
518 3795 647 3852 ciuiiuics
665 3795 695 3852 et
713 3796 787 3852 iuter
804 3795 982 3866 fiuiiimcs
1001 3791 1083 3851 nullo
1102 3791 1204 3850 addito
1223 3783 1358 3872 nomine)

127 3903 131 3909 ·
184 3886 215 3942 51
233 3902 296 3942 rem
315 3881 353 3940 ab
377 3881 433 3940 hoc
455 3881 553 3955 capite
577 3883 712 3941 alienam.
744 3881 811 3940 'Sed
834 3883 925 3941 etiam
949 3882 1116 3958 exemplum
1141 3883 1169 3953 3,
1191 3881 1240 3954 15,
1261 3882 1281 3938 4
1305 3880 1358 3938 51-
1457 3925 1458 3942 .

183 3973 262 4030 5155
282 3975 453 4045 suspectum
472 3971 642 4029 nominibus
660 3972 723 4030 fere
742 3974 824 4030 caret
842 3963 1000 4051 (Reliqui
1019 3988 1057 4029 ea
1082 3970 1241 4029 Variuua
1259 3971 1360 4029 clade

185 4107 191 4120 .
208 4107 235 4122 ..
255 4063 385 4134 captiuos
403 4104 410 4119 .
426 4105 454 4119 ..
474 4051 673 4139 dimiseram),
695 4060 768 4118 item
787 4060 955 4136 exemplum
972 4062 999 4132 2,
1015 4061 1044 4134 5,
1059 4060 1110 4117 45.
1143 4059 1242 4134 Atque
1257 4059 1358 4118 nescio

184 4170 221 4208 55
241 4149 407 4223 exemplum
430 4153 456 4223 1,
476 4152 505 4226 8,
525 4152 543 4209 6
569 4149 671 4207 55155
690 4149 804 4208 ratione
823 4168 884 4225 qua
900 4148 1081 4224 praecedens
1102 4143 1146 4226 (1,
1161 4151 1191 4224 8,
1210 4149 1229 4206 5
1250 4151 1358 4207 strate-

274 4291 298 4350 1)
318 4283 352 4337 cf.
373 4283 472 4338 5555.
492 4284 561 4338 Mus.
582 4282 634 4338 XV
653 4288 712 4338 aue.
733 4287 793 4338 eso.
831 4283 947 4337 florines
967 4261 1006 4337 ix
1025 4289 1138 4339 rar-re.
1159 4287 1201 4336 er.

184 4427 203 4479 L
223 4444 250 4496 p·
267 4356 350 4482 12,)551.
372 4353 481 4410 Griecb.
501 4354 799 4424 Kriegsschriftsteller
818 4371 873 4410 von
892 4353 926 4410 H.
942 4355 1067 4422 Koechly
1087 4353 1143 4406 551
1163 4353 1207 4407 W.
1224 4355 1357 4409 Rucstow
