<?xml version="1.0" encoding="UTF-8"?>
<!DOCTYPE html PUBLIC "-//W3C//DTD XHTML 1.0 Transitional//EN"
    "http://www.w3.org/TR/xhtml1/DTD/xhtml1-transitional.dtd">
<html xmlns="http://www.w3.org/1999/xhtml" xml:lang="en" lang="en">
 <head>
  <title>
</title>
<meta http-equiv="Content-Type" content="text/html;charset=utf-8" />
  <meta name='ocr-system' content='tesseract 3.04.00' />
  <meta name='ocr-capabilities' content='ocr_page ocr_carea ocr_par ocr_line ocrx_word'/>
</head>
<body>
  <div class='ocr_page' id='page_1' title='image "./quaestionesdeiu00gundgoog_0036.png"; bbox 0 0 2948 5086; ppageno 0'>
   <div class='ocr_carea' id='block_1_1' title="bbox 290 236 1273 307">
    <p class='ocr_par' dir='ltr' id='par_1_1' title="bbox 290 236 1273 307">
     <span class='ocr_line' id='line_1_1' title="bbox 290 236 1273 307; baseline 0.001 -15"><span class='ocrx_word' id='word_1_1' title='bbox 290 239 474 306; x_wconf 79' lang='lat' dir='ltr'>Quaestionee</span> <span class='ocrx_word' id='word_1_2' title='bbox 492 239 526 292; x_wconf 87' lang='lat' dir='ltr'>de</span> <span class='ocrx_word' id='word_1_3' title='bbox 547 238 599 292; x_wconf 87' lang='lat' dir='ltr'>luli</span> <span class='ocrx_word' id='word_1_4' title='bbox 618 237 744 293; x_wconf 77' lang='lat' dir='ltr'>Frontini</span> <span class='ocrx_word' id='word_1_5' title='bbox 762 238 981 307; x_wconf 84' lang='lat' dir='ltr'>stratagematon</span> <span class='ocrx_word' id='word_1_6' title='bbox 1001 236 1088 291; x_wconf 87' lang='lat' dir='ltr'>libris.</span> <span class='ocrx_word' id='word_1_7' title='bbox 1207 237 1273 300; x_wconf 85' lang='grc'>345</span> 
     </span>
    </p>
   </div>
   <div class='ocr_carea' id='block_1_2' title="bbox 87 405 1328 4321">
    <p class='ocr_par' dir='ltr' id='par_1_2' title="bbox 87 405 1328 1643">
     <span class='ocr_line' id='line_1_2' title="bbox 90 405 1272 485; baseline -0.002 -19"><span class='ocrx_word' id='word_1_8' title='bbox 90 407 287 485; x_wconf 90' lang='lat' dir='ltr'>studuerunt,</span> <span class='ocrx_word' id='word_1_9' title='bbox 305 427 402 484; x_wconf 86' lang='lat' dir='ltr'>pauca</span> <span class='ocrx_word' id='word_1_10' title='bbox 414 408 602 485; x_wconf 84' lang='lat' dir='ltr'>reliquerimt</span> <span class='ocrx_word' id='word_1_11' title='bbox 619 408 741 481; x_wconf 90' lang='lat' dir='ltr'>intacta,</span> <span class='ocrx_word' id='word_1_12' title='bbox 760 425 837 483; x_wconf 92' lang='lat' dir='ltr'>quae</span> <span class='ocrx_word' id='word_1_13' title='bbox 855 405 1003 466; x_wconf 77' lang='lat' dir='ltr'><strong>infuscata</strong></span> <span class='ocrx_word' id='word_1_14' title='bbox 1022 406 1179 465; x_wconf 76' lang='lat' dir='ltr'><strong>crederent</strong></span> <span class='ocrx_word' id='word_1_15' title='bbox 1198 406 1272 464; x_wconf 89' lang='lat' dir='ltr'>indi-</span> 
     </span>
     <span class='ocr_line' id='line_1_3' title="bbox 87 497 1271 572; baseline -0.001 -18"><span class='ocrx_word' id='word_1_16' title='bbox 87 497 222 572; x_wconf 87' lang='lat' dir='ltr'>ligentia</span> <span class='ocrx_word' id='word_1_17' title='bbox 236 498 375 557; x_wconf 77' lang='lat' dir='ltr'>auctoris</span> <span class='ocrx_word' id='word_1_18' title='bbox 403 499 446 556; x_wconf 90' lang='lat' dir='ltr'>At</span> <span class='ocrx_word' id='word_1_19' title='bbox 460 497 645 557; x_wconf 87' lang='lat' dir='ltr'>differentiae</span> <span class='ocrx_word' id='word_1_20' title='bbox 660 499 721 556; x_wconf 88' lang='lat' dir='ltr'>tam</span> <span class='ocrx_word' id='word_1_21' title='bbox 735 497 910 572; x_wconf 84' lang='lat' dir='ltr'>frequentes</span> <span class='ocrx_word' id='word_1_22' title='bbox 925 497 995 554; x_wconf 89' lang='lat' dir='ltr'>sunt</span> <span class='ocrx_word' id='word_1_23' title='bbox 1013 498 1134 572; x_wconf 84' lang='lat' dir='ltr'>tamque</span> <span class='ocrx_word' id='word_1_24' title='bbox 1154 513 1271 572; x_wconf 81' lang='lat' dir='ltr'>gr·aues,</span> 
     </span>
     <span class='ocr_line' id='line_1_4' title="bbox 89 585 1272 661; baseline -0.001 -18"><span class='ocrx_word' id='word_1_25' title='bbox 89 589 131 644; x_wconf 87' lang='lat' dir='ltr'>ut</span> <span class='ocrx_word' id='word_1_26' title='bbox 154 604 205 644; x_wconf 89' lang='lat' dir='ltr'>eas</span> <span class='ocrx_word' id='word_1_27' title='bbox 228 605 329 646; x_wconf 91' lang='lat' dir='ltr'>omnes</span> <span class='ocrx_word' id='word_1_28' title='bbox 354 587 456 646; x_wconf 90' lang='lat' dir='ltr'>deberi</span> <span class='ocrx_word' id='word_1_29' title='bbox 480 587 573 647; x_wconf 90' lang='lat' dir='ltr'>errori</span> <span class='ocrx_word' id='word_1_30' title='bbox 597 587 727 646; x_wconf 88' lang='lat' dir='ltr'>auctoris</span> <span class='ocrx_word' id='word_1_31' title='bbox 751 589 806 644; x_wconf 90' lang='lat' dir='ltr'>aut</span> <span class='ocrx_word' id='word_1_32' title='bbox 828 585 1019 645; x_wconf 82' lang='lat' dir='ltr'><strong>librariorum</strong></span> <span class='ocrx_word' id='word_1_33' title='bbox 1043 604 1061 644; x_wconf 90' lang='lat' dir='ltr'>a</span> <span class='ocrx_word' id='word_1_34' title='bbox 1084 585 1151 644; x_wconf 91' lang='lat' dir='ltr'>ueri</span> <span class='ocrx_word' id='word_1_35' title='bbox 1175 585 1272 661; x_wconf 84' lang='lat' dir='ltr'>specie</span> 
     </span>
     <span class='ocr_line' id='line_1_5' title="bbox 89 674 1280 752; baseline -0.001 -19"><span class='ocrx_word' id='word_1_36' title='bbox 89 693 221 750; x_wconf 89' lang='lat' dir='ltr'>prorsus</span> <span class='ocrx_word' id='word_1_37' title='bbox 249 675 417 735; x_wconf 90' lang='lat' dir='ltr'>abhorreat.</span> <span class='ocrx_word' id='word_1_38' title='bbox 460 675 566 736; x_wconf 88' lang='lat' dir='ltr'>Altera</span> <span class='ocrx_word' id='word_1_39' title='bbox 593 676 686 752; x_wconf 85' lang='lat' dir='ltr'>igitur</span> <span class='ocrx_word' id='word_1_40' title='bbox 710 674 762 734; x_wconf 86' lang='lat' dir='ltr'>uia</span> <span class='ocrx_word' id='word_1_41' title='bbox 784 693 843 733; x_wconf 91' lang='lat' dir='ltr'>non</span> <span class='ocrx_word' id='word_1_42' title='bbox 866 674 959 734; x_wconf 86' lang='lat' dir='ltr'>semel</span> <span class='ocrx_word' id='word_1_43' title='bbox 985 674 1116 734; x_wconf 89' lang='lat' dir='ltr'>ineunda</span> <span class='ocrx_word' id='word_1_44' title='bbox 1139 674 1280 750; x_wconf 70' lang='lat' dir='ltr'>uidetur„</span> 
     </span>
     <span class='ocr_line' id='line_1_6' title="bbox 92 763 1265 843; baseline -0.001 -21"><span class='ocrx_word' id='word_1_45' title='bbox 92 768 132 824; x_wconf 91' lang='lat' dir='ltr'>ut</span> <span class='ocrx_word' id='word_1_46' title='bbox 156 765 193 822; x_wconf 90' lang='lat' dir='ltr'>ad</span> <span class='ocrx_word' id='word_1_47' title='bbox 213 765 293 840; x_wconf 91' lang='lat' dir='ltr'>ipsos</span> <span class='ocrx_word' id='word_1_48' title='bbox 316 765 429 843; x_wconf 87' lang='lat' dir='ltr'>fontes,</span> <span class='ocrx_word' id='word_1_49' title='bbox 453 785 488 825; x_wconf 83' lang='lat' dir='ltr'>ex</span> <span class='ocrx_word' id='word_1_50' title='bbox 507 766 616 842; x_wconf 91' lang='lat' dir='ltr'>quibus</span> <span class='ocrx_word' id='word_1_51' title='bbox 636 768 740 824; x_wconf 82' lang='lat' dir='ltr'>auctor</span> <span class='ocrx_word' id='word_1_52' title='bbox 758 764 905 837; x_wconf 77' lang='lat' dir='ltr'>hauserit,</span> <span class='ocrx_word' id='word_1_53' title='bbox 929 763 1081 840; x_wconf 78' lang='lat' dir='ltr'>progressi</span> <span class='ocrx_word' id='word_1_54' title='bbox 1104 764 1265 839; x_wconf 85' lang='lat' dir='ltr'>inuestige·</span> 
     </span>
     <span class='ocr_line' id='line_1_7' title="bbox 90 852 1328 927; baseline -0.002 -15"><span class='ocrx_word' id='word_1_55' title='bbox 90 873 177 927; x_wconf 87' lang='lat' dir='ltr'>mus,</span> <span class='ocrx_word' id='word_1_56' title='bbox 200 853 330 914; x_wconf 88' lang='lat' dir='ltr'>fueritne</span> <span class='ocrx_word' id='word_1_57' title='bbox 350 873 451 913; x_wconf 89' lang='lat' dir='ltr'>earum</span> <span class='ocrx_word' id='word_1_58' title='bbox 471 875 571 914; x_wconf 89' lang='lat' dir='ltr'>rerum</span> <span class='ocrx_word' id='word_1_59' title='bbox 590 855 734 913; x_wconf 88' lang='lat' dir='ltr'>memoria</span> <span class='ocrx_word' id='word_1_60' title='bbox 751 854 812 912; x_wconf 92' lang='lat' dir='ltr'>iam</span> <span class='ocrx_word' id='word_1_61' title='bbox 831 854 900 912; x_wconf 91' lang='lat' dir='ltr'>ante</span> <span class='ocrx_word' id='word_1_62' title='bbox 919 855 1049 912; x_wconf 84' lang='lat' dir='ltr'>aetatem</span> <span class='ocrx_word' id='word_1_63' title='bbox 1068 853 1203 912; x_wconf 84' lang='lat' dir='ltr'>Frontini</span> <span class='ocrx_word' id='word_1_64' title='bbox 1223 853 1263 912; x_wconf 88' lang='lat' dir='ltr'>di·</span> <span class='ocrx_word' id='word_1_65' title='bbox 1320 852 1328 860; x_wconf 84' lang='lat'>&#39;</span> 
     </span>
     <span class='ocr_line' id='line_1_8' title="bbox 91 941 1267 1019; baseline -0.002 -18"><span class='ocrx_word' id='word_1_66' title='bbox 91 961 195 1001; x_wconf 85' lang='lat' dir='ltr'>uersa.</span> <span class='ocrx_word' id='word_1_67' title='bbox 224 941 306 1014; x_wconf 83' lang='lat' dir='ltr'>Quae</span> <span class='ocrx_word' id='word_1_68' title='bbox 325 949 426 1004; x_wconf 89' lang='lat' dir='ltr'>autem</span> <span class='ocrx_word' id='word_1_69' title='bbox 440 945 600 1004; x_wconf 87' lang='lat' dir='ltr'>tribuenda</span> <span class='ocrx_word' id='word_1_70' title='bbox 614 945 675 1002; x_wconf 89' lang='lat' dir='ltr'>sint</span> <span class='ocrx_word' id='word_1_71' title='bbox 688 942 828 1016; x_wconf 87' lang='lat' dir='ltr'>librariis,</span> <span class='ocrx_word' id='word_1_72' title='bbox 847 961 924 1019; x_wconf 87' lang='lat' dir='ltr'>quae</span> <span class='ocrx_word' id='word_1_73' title='bbox 943 942 1064 1015; x_wconf 85' lang='lat' dir='ltr'>auctori,</span> <span class='ocrx_word' id='word_1_74' title='bbox 1083 961 1159 1017; x_wconf 89' lang='lat' dir='ltr'>quae</span> <span class='ocrx_word' id='word_1_75' title='bbox 1178 942 1267 1001; x_wconf 87' lang='lat' dir='ltr'>fonti·</span> 
     </span>
     <span class='ocr_line' id='line_1_9' title="bbox 91 1030 1269 1111; baseline -0.001 -21"><span class='ocrx_word' id='word_1_76' title='bbox 91 1035 165 1108; x_wconf 92' lang='lat' dir='ltr'>bus,</span> <span class='ocrx_word' id='word_1_77' title='bbox 187 1035 219 1091; x_wconf 91' lang='lat' dir='ltr'>ut</span> <span class='ocrx_word' id='word_1_78' title='bbox 239 1032 395 1092; x_wconf 88' lang='lat' dir='ltr'>diiudicari</span> <span class='ocrx_word' id='word_1_79' title='bbox 413 1034 523 1110; x_wconf 83' lang='lat' dir='ltr'><strong>possit,</strong></span> <span class='ocrx_word' id='word_1_80' title='bbox 541 1032 768 1111; x_wconf 80' lang='lat' dir='ltr'>perpendendae</span> <span class='ocrx_word' id='word_1_81' title='bbox 787 1030 973 1091; x_wconf 83' lang='lat' dir='ltr'>condiciones</span> <span class='ocrx_word' id='word_1_82' title='bbox 992 1034 1063 1090; x_wconf 91' lang='lat' dir='ltr'>sunt</span> <span class='ocrx_word' id='word_1_83' title='bbox 1081 1031 1269 1108; x_wconf 85' lang='lat' dir='ltr'>singulorum</span> 
     </span>
     <span class='ocr_line' id='line_1_10' title="bbox 90 1120 1268 1200; baseline -0.003 -19"><span class='ocrx_word' id='word_1_84' title='bbox 90 1123 300 1197; x_wconf 86' lang='lat' dir='ltr'>exemplorum</span> <span class='ocrx_word' id='word_1_85' title='bbox 318 1125 350 1181; x_wconf 90' lang='lat' dir='ltr'>et</span> <span class='ocrx_word' id='word_1_86' title='bbox 369 1124 593 1199; x_wconf 87' lang='lat' dir='ltr'>comparandae,</span> <span class='ocrx_word' id='word_1_87' title='bbox 612 1123 758 1199; x_wconf 87' lang='lat' dir='ltr'>quantum</span> <span class='ocrx_word' id='word_1_88' title='bbox 776 1121 857 1200; x_wconf 87' lang='lat' dir='ltr'>licet,</span> <span class='ocrx_word' id='word_1_89' title='bbox 874 1139 922 1179; x_wconf 91' lang='lat' dir='ltr'>res</span> <span class='ocrx_word' id='word_1_90' title='bbox 935 1121 974 1178; x_wconf 89' lang='lat' dir='ltr'>ab</span> <span class='ocrx_word' id='word_1_91' title='bbox 989 1120 1057 1178; x_wconf 89' lang='lat' dir='ltr'>aliis</span> <span class='ocrx_word' id='word_1_92' title='bbox 1072 1120 1268 1195; x_wconf 74' lang='lat' dir='ltr'>scriptoribus</span> 
     </span>
     <span class='ocr_line' id='line_1_11' title="bbox 90 1209 1270 1289; baseline -0.003 -20"><span class='ocrx_word' id='word_1_93' title='bbox 90 1213 218 1271; x_wconf 88' lang='lat' dir='ltr'>relatae.</span> <span class='ocrx_word' id='word_1_94' title='bbox 257 1209 366 1271; x_wconf 90' lang='lat' dir='ltr'>Omnia</span> <span class='ocrx_word' id='word_1_95' title='bbox 389 1215 491 1272; x_wconf 89' lang='lat' dir='ltr'>tamen</span> <span class='ocrx_word' id='word_1_96' title='bbox 516 1213 665 1289; x_wconf 84' lang='lat' dir='ltr'>exempla,</span> <span class='ocrx_word' id='word_1_97' title='bbox 689 1229 765 1287; x_wconf 90' lang='lat' dir='ltr'>quae</span> <span class='ocrx_word' id='word_1_98' title='bbox 789 1212 996 1269; x_wconf 83' lang='lat' dir='ltr'>austerorum</span> <span class='ocrx_word' id='word_1_99' title='bbox 1020 1209 1192 1268; x_wconf 77' lang='lat' dir='ltr'>narratione</span> <span class='ocrx_word' id='word_1_100' title='bbox 1212 1209 1270 1267; x_wconf 89' lang='lat' dir='ltr'>die-</span> 
     </span>
     <span class='ocr_line' id='line_1_12' title="bbox 91 1299 1268 1378; baseline -0.003 -18"><span class='ocrx_word' id='word_1_101' title='bbox 91 1301 242 1377; x_wconf 89' lang='lat' dir='ltr'>sentiant,</span> <span class='ocrx_word' id='word_1_102' title='bbox 265 1319 439 1361; x_wconf 88' lang='lat' dir='ltr'>enumerare</span> <span class='ocrx_word' id='word_1_103' title='bbox 464 1304 494 1360; x_wconf 90' lang='lat' dir='ltr'>et</span> <span class='ocrx_word' id='word_1_104' title='bbox 518 1301 702 1378; x_wconf 88' lang='lat' dir='ltr'>perscrutari</span> <span class='ocrx_word' id='word_1_105' title='bbox 720 1319 787 1358; x_wconf 90' lang='lat' dir='ltr'>oum</span> <span class='ocrx_word' id='word_1_106' title='bbox 806 1301 929 1376; x_wconf 88' lang='lat' dir='ltr'>longum</span> <span class='ocrx_word' id='word_1_107' title='bbox 949 1299 1001 1371; x_wconf 90' lang='lat' dir='ltr'>sit,</span> <span class='ocrx_word' id='word_1_108' title='bbox 1026 1318 1062 1357; x_wconf 92' lang='lat' dir='ltr'>ea</span> <span class='ocrx_word' id='word_1_109' title='bbox 1079 1301 1198 1357; x_wconf 89' lang='lat' dir='ltr'>tantum</span> <span class='ocrx_word' id='word_1_110' title='bbox 1217 1299 1268 1357; x_wconf 90' lang='lat' dir='ltr'>eli-</span> 
     </span>
     <span class='ocr_line' id='line_1_13' title="bbox 91 1387 1269 1466; baseline -0.003 -18"><span class='ocrx_word' id='word_1_111' title='bbox 91 1409 180 1466; x_wconf 83' lang='lat' dir='ltr'>gam,</span> <span class='ocrx_word' id='word_1_112' title='bbox 203 1408 280 1465; x_wconf 87' lang='lat' dir='ltr'>quae</span> <span class='ocrx_word' id='word_1_113' title='bbox 299 1390 426 1450; x_wconf 89' lang='lat' dir='ltr'>maxime</span> <span class='ocrx_word' id='word_1_114' title='bbox 449 1391 590 1450; x_wconf 90' lang='lat' dir='ltr'>uidentur</span> <span class='ocrx_word' id='word_1_115' title='bbox 609 1394 729 1450; x_wconf 83' lang='lat' dir='ltr'>uexata:</span> <span class='ocrx_word' id='word_1_116' title='bbox 758 1389 842 1464; x_wconf 87' lang='lat' dir='ltr'>prius</span> <span class='ocrx_word' id='word_1_117' title='bbox 866 1391 966 1447; x_wconf 88' lang='lat' dir='ltr'>autern</span> <span class='ocrx_word' id='word_1_118' title='bbox 990 1388 1027 1447; x_wconf 91' lang='lat' dir='ltr'>de</span> <span class='ocrx_word' id='word_1_119' title='bbox 1051 1387 1093 1446; x_wconf 90' lang='lat' dir='ltr'>eie</span> <span class='ocrx_word' id='word_1_120' title='bbox 1113 1406 1215 1466; x_wconf 89' lang='lat' dir='ltr'>agam,</span> <span class='ocrx_word' id='word_1_121' title='bbox 1237 1387 1269 1445; x_wconf 92' lang='lat' dir='ltr'>in</span> 
     </span>
     <span class='ocr_line' id='line_1_14' title="bbox 92 1477 1269 1557; baseline -0.003 -20"><span class='ocrx_word' id='word_1_122' title='bbox 92 1479 206 1554; x_wconf 90' lang='lat' dir='ltr'>quibus</span> <span class='ocrx_word' id='word_1_123' title='bbox 225 1479 386 1538; x_wconf 86' lang='lat' dir='ltr'>diuersitas</span> <span class='ocrx_word' id='word_1_124' title='bbox 410 1499 524 1557; x_wconf 89' lang='lat' dir='ltr'>rerum,</span> <span class='ocrx_word' id='word_1_125' title='bbox 548 1479 653 1540; x_wconf 90' lang='lat' dir='ltr'>deinde</span> <span class='ocrx_word' id='word_1_126' title='bbox 672 1480 709 1538; x_wconf 90' lang='lat' dir='ltr'>de</span> <span class='ocrx_word' id='word_1_127' title='bbox 728 1478 783 1552; x_wconf 87' lang='lat' dir='ltr'>eis,</span> <span class='ocrx_word' id='word_1_128' title='bbox 808 1479 839 1536; x_wconf 90' lang='lat' dir='ltr'>in</span> <span class='ocrx_word' id='word_1_129' title='bbox 863 1477 971 1553; x_wconf 88' lang='lat' dir='ltr'>quibus</span> <span class='ocrx_word' id='word_1_130' title='bbox 996 1477 1155 1536; x_wconf 85' lang='lat' dir='ltr'>diuersitas</span> <span class='ocrx_word' id='word_1_131' title='bbox 1174 1477 1269 1536; x_wconf 87' lang='lat' dir='ltr'>nomi--</span> 
     </span>
     <span class='ocr_line' id='line_1_15' title="bbox 92 1569 425 1643; baseline 0.006 -17"><span class='ocrx_word' id='word_1_132' title='bbox 92 1587 170 1626; x_wconf 90' lang='lat' dir='ltr'>num</span> <span class='ocrx_word' id='word_1_133' title='bbox 189 1569 425 1643; x_wconf 87' lang='lat' dir='ltr'>reprehenditur.</span> 
     </span>
    </p>

    <p class='ocr_par' dir='ltr' id='par_1_3' title="bbox 88 1655 1273 2527">
     <span class='ocr_line' id='line_1_16' title="bbox 184 1655 1269 1735; baseline -0.002 -19"><span class='ocrx_word' id='word_1_134' title='bbox 184 1657 284 1733; x_wconf 87' lang='lat' dir='ltr'>Atque</span> <span class='ocrx_word' id='word_1_135' title='bbox 307 1658 441 1735; x_wconf 85' lang='lat' dir='ltr'>exemplo</span> <span class='ocrx_word' id='word_1_136' title='bbox 463 1662 491 1733; x_wconf 89' lang='lat'>3,</span> <span class='ocrx_word' id='word_1_137' title='bbox 513 1662 563 1732; x_wconf 80' lang='lat'>17,</span> <span class='ocrx_word' id='word_1_138' title='bbox 583 1659 601 1718; x_wconf 87' lang='grc'><strong>6</strong></span> <span class='ocrx_word' id='word_1_139' title='bbox 622 1657 653 1716; x_wconf 85' lang='lat' dir='ltr'>C.</span> <span class='ocrx_word' id='word_1_140' title='bbox 674 1655 783 1716; x_wconf 81' lang='lat' dir='ltr'>Caesar</span> <span class='ocrx_word' id='word_1_141' title='bbox 807 1655 838 1714; x_wconf 92' lang='lat' dir='ltr'>in</span> <span class='ocrx_word' id='word_1_142' title='bbox 856 1655 955 1714; x_wconf 84' lang='lat' dir='ltr'>Gallia</span> <span class='ocrx_word' id='word_1_143' title='bbox 977 1657 1090 1714; x_wconf 89' lang='lat' dir='ltr'>metum</span> <span class='ocrx_word' id='word_1_144' title='bbox 1111 1655 1269 1716; x_wconf 80' lang='lat' dir='ltr'>simulasse</span> 
     </span>
     <span class='ocr_line' id='line_1_17' title="bbox 90 1742 1270 1822; baseline -0.002 -17"><span class='ocrx_word' id='word_1_145' title='bbox 90 1747 265 1822; x_wconf 88' lang='lat' dir='ltr'>militesque</span> <span class='ocrx_word' id='word_1_146' title='bbox 289 1747 319 1805; x_wconf 93' lang='lat' dir='ltr'>in</span> <span class='ocrx_word' id='word_1_147' title='bbox 343 1747 449 1806; x_wconf 88' lang='lat' dir='ltr'>castris</span> <span class='ocrx_word' id='word_1_148' title='bbox 473 1747 605 1808; x_wconf 88' lang='lat' dir='ltr'>tenuisse</span> <span class='ocrx_word' id='word_1_149' title='bbox 627 1748 770 1819; x_wconf 87' lang='lat' dir='ltr'>traditur,</span> <span class='ocrx_word' id='word_1_150' title='bbox 794 1764 852 1822; x_wconf 89' lang='lat' dir='ltr'>quo</span> <span class='ocrx_word' id='word_1_151' title='bbox 875 1745 992 1803; x_wconf 83' lang='lat' dir='ltr'>facilius</span> <span class='ocrx_word' id='word_1_152' title='bbox 1017 1742 1120 1803; x_wconf 80' lang='lat' dir='ltr'>Gallos</span> <span class='ocrx_word' id='word_1_153' title='bbox 1140 1745 1177 1803; x_wconf 89' lang='lat' dir='ltr'>ad</span> <span class='ocrx_word' id='word_1_154' title='bbox 1204 1764 1270 1803; x_wconf 90' lang='lat' dir='ltr'>con·</span> 
     </span>
     <span class='ocr_line' id='line_1_18' title="bbox 88 1831 1273 1912; baseline -0.001 -19"><span class='ocrx_word' id='word_1_155' title='bbox 88 1836 290 1911; x_wconf 77' lang='lat' dir='ltr'>’remptionem</span> <span class='ocrx_word' id='word_1_156' title='bbox 315 1837 361 1895; x_wconf 87' lang='lat' dir='ltr'>sui</span> <span class='ocrx_word' id='word_1_157' title='bbox 384 1837 509 1896; x_wconf 89' lang='lat' dir='ltr'>inlectos</span> <span class='ocrx_word' id='word_1_158' title='bbox 529 1837 685 1912; x_wconf 89' lang='lat' dir='ltr'>eruptione</span> <span class='ocrx_word' id='word_1_159' title='bbox 706 1837 785 1894; x_wconf 82' lang='lat' dir='ltr'>facta</span> <span class='ocrx_word' id='word_1_160' title='bbox 804 1835 949 1894; x_wconf 85' lang='lat' dir='ltr'>caederet.</span> <span class='ocrx_word' id='word_1_161' title='bbox 988 1831 1042 1891; x_wconf 79' lang='lat' dir='ltr'>Oui</span> <span class='ocrx_word' id='word_1_162' title='bbox 1061 1833 1183 1893; x_wconf 90' lang='lat' dir='ltr'>oonsilio</span> <span class='ocrx_word' id='word_1_163' title='bbox 1204 1853 1273 1894; x_wconf 89' lang='lat' dir='ltr'>oon-</span> 
     </span>
     <span class='ocr_line' id='line_1_19' title="bbox 89 1924 1272 2001; baseline 0.002 -20"><span class='ocrx_word' id='word_1_164' title='bbox 89 1924 221 1982; x_wconf 86' lang='lat' dir='ltr'>trarium</span> <span class='ocrx_word' id='word_1_165' title='bbox 244 1942 309 1984; x_wconf 89' lang='lat' dir='ltr'>esse</span> <span class='ocrx_word' id='word_1_166' title='bbox 332 1926 410 2001; x_wconf 91' lang='lat' dir='ltr'>quod</span> <span class='ocrx_word' id='word_1_167' title='bbox 433 1927 464 1983; x_wconf 88' lang='lat' dir='ltr'>in</span> <span class='ocrx_word' id='word_1_168' title='bbox 488 1925 637 1985; x_wconf 86' lang='lat' dir='ltr'>codicibus</span> <span class='ocrx_word' id='word_1_169' title='bbox 661 1925 786 2000; x_wconf 87' lang='lat' dir='ltr'>legitur:</span> <span class='ocrx_word' id='word_1_170' title='bbox 815 1926 971 1996; x_wconf 70' lang='lat' dir='ltr'>mittasque</span> <span class='ocrx_word' id='word_1_171' title='bbox 996 1925 1028 1981; x_wconf 80' lang='lat' dir='ltr'>ta</span> <span class='ocrx_word' id='word_1_172' title='bbox 1052 1925 1169 1990; x_wconf 82' lang='lat' dir='ltr'>castris,</span> <span class='ocrx_word' id='word_1_173' title='bbox 1198 1941 1272 1996; x_wconf 80' lang='lat' dir='ltr'>qaue</span> 
     </span>
     <span class='ocr_line' id='line_1_20' title="bbox 91 2012 1270 2088; baseline -0.001 -16"><span class='ocrx_word' id='word_1_174' title='bbox 91 2015 271 2086; x_wconf 78' lang='lat' dir='ltr'>anrptioru</span> <span class='ocrx_word' id='word_1_175' title='bbox 293 2016 375 2073; x_wconf 76' lang='lat' dir='ltr'>solito</span> <span class='ocrx_word' id='word_1_176' title='bbox 398 2016 545 2074; x_wconf 79' lang='lat' dir='ltr'>industria</span> <span class='ocrx_word' id='word_1_177' title='bbox 562 2017 682 2088; x_wconf 70' lang='lat' dir='ltr'>seruat,</span> <span class='ocrx_word' id='word_1_178' title='bbox 711 2016 801 2072; x_wconf 79' lang='lat' dir='ltr'>tenuit</span> <span class='ocrx_word' id='word_1_179' title='bbox 828 2031 895 2070; x_wconf 88' lang='lat' dir='ltr'>oum</span> <span class='ocrx_word' id='word_1_180' title='bbox 918 2031 966 2070; x_wconf 89' lang='lat' dir='ltr'>res</span> <span class='ocrx_word' id='word_1_181' title='bbox 990 2012 1056 2087; x_wconf 87' lang='lat' dir='ltr'>ipsa</span> <span class='ocrx_word' id='word_1_182' title='bbox 1079 2013 1180 2086; x_wconf 89' lang='lat' dir='ltr'>docet,</span> <span class='ocrx_word' id='word_1_183' title='bbox 1205 2015 1270 2071; x_wconf 92' lang='lat' dir='ltr'>tum</span> 
     </span>
     <span class='ocr_line' id='line_1_21' title="bbox 92 2102 1270 2182; baseline 0.001 -22"><span class='ocrx_word' id='word_1_184' title='bbox 92 2103 197 2162; x_wconf 90' lang='lat' dir='ltr'>uerbis</span> <span class='ocrx_word' id='word_1_185' title='bbox 225 2103 417 2163; x_wconf 90' lang='lat' dir='ltr'>confirmatur</span> <span class='ocrx_word' id='word_1_186' title='bbox 440 2102 575 2164; x_wconf 77' lang='lat' dir='ltr'>Caesaris</span> <span class='ocrx_word' id='word_1_187' title='bbox 599 2103 625 2163; x_wconf 95' lang='lat' dir='ltr'>b.</span> <span class='ocrx_word' id='word_1_188' title='bbox 646 2102 681 2163; x_wconf 82' lang='lat' dir='ltr'>G.</span> <span class='ocrx_word' id='word_1_189' title='bbox 701 2104 735 2177; x_wconf 84' lang='lat'>5,</span> <span class='ocrx_word' id='word_1_190' title='bbox 759 2105 816 2182; x_wconf 79' lang='lat'>49,</span> <span class='ocrx_word' id='word_1_191' title='bbox 841 2105 872 2161; x_wconf 80' lang='lat'>7·</span> <span class='ocrx_word' id='word_1_192' title='bbox 887 2106 984 2162; x_wconf 79' lang='lat' dir='ltr'>caetra</span> <span class='ocrx_word' id='word_1_193' title='bbox 1007 2104 1162 2161; x_wconf 78' lang='lat' dir='ltr'>communit</span> <span class='ocrx_word' id='word_1_194' title='bbox 1185 2106 1270 2175; x_wconf 81' lang='lat' dir='ltr'>utque</span> 
     </span>
     <span class='ocr_line' id='line_1_22' title="bbox 89 2193 1269 2268; baseline 0 -18"><span class='ocrx_word' id='word_1_195' title='bbox 89 2193 177 2259; x_wconf 77' lang='lat' dir='ltr'>hoec,</span> <span class='ocrx_word' id='word_1_196' title='bbox 206 2195 271 2250; x_wconf 77' lang='lat' dir='ltr'>etsi</span> <span class='ocrx_word' id='word_1_197' title='bbox 298 2198 397 2252; x_wconf 82' lang='lat' dir='ltr'>eruat</span> <span class='ocrx_word' id='word_1_198' title='bbox 425 2197 551 2268; x_wconf 67' lang='lat' dir='ltr'>extruo</span> <span class='ocrx_word' id='word_1_199' title='bbox 573 2210 638 2266; x_wconf 83' lang='lat' dir='ltr'>per</span> <span class='ocrx_word' id='word_1_200' title='bbox 665 2210 699 2252; x_wconf 84' lang='lat' dir='ltr'>se</span> <span class='ocrx_word' id='word_1_201' title='bbox 831 2194 944 2249; x_wconf 82' lang='lat' dir='ltr'>tamea</span> <span class='ocrx_word' id='word_1_202' title='bbox 971 2193 1113 2264; x_wconf 69' lang='lat' dir='ltr'>repudiis</span> <span class='ocrx_word' id='word_1_203' title='bbox 1139 2193 1269 2259; x_wconf 81' lang='lat' dir='ltr'>uturum,</span> 
     </span>
     <span class='ocr_line' id='line_1_23' title="bbox 91 2279 1268 2356; baseline -0.002 -16"><span class='ocrx_word' id='word_1_204' title='bbox 91 2299 199 2355; x_wconf 83' lang='lat' dir='ltr'>quam</span> <span class='ocrx_word' id='word_1_205' title='bbox 222 2283 368 2340; x_wconf 76' lang='lat' dir='ltr'>monime</span> <span class='ocrx_word' id='word_1_206' title='bbox 385 2287 515 2355; x_wconf 82' lang='lat' dir='ltr'>potest,</span> <span class='ocrx_word' id='word_1_207' title='bbox 539 2283 729 2348; x_wconf 80' lang='lat' dir='ltr'>contrabit,</span> <span class='ocrx_word' id='word_1_208' title='bbox 752 2279 830 2339; x_wconf 91' lang='lat' dir='ltr'>unde</span> <span class='ocrx_word' id='word_1_209' title='bbox 849 2281 904 2338; x_wconf 88' lang='lat' dir='ltr'>boo</span> <span class='ocrx_word' id='word_1_210' title='bbox 924 2280 1093 2356; x_wconf 89' lang='lat' dir='ltr'>exemplum</span> <span class='ocrx_word' id='word_1_211' title='bbox 1111 2280 1268 2356; x_wconf 88' lang='lat' dir='ltr'>depromp-</span> 
     </span>
     <span class='ocr_line' id='line_1_24' title="bbox 95 2368 1268 2448; baseline -0.001 -19"><span class='ocrx_word' id='word_1_212' title='bbox 95 2375 162 2429; x_wconf 91' lang='lat' dir='ltr'>tum</span> <span class='ocrx_word' id='word_1_213' title='bbox 183 2373 236 2430; x_wconf 90' lang='lat' dir='ltr'>est.</span> <span class='ocrx_word' id='word_1_214' title='bbox 269 2368 327 2439; x_wconf 82' lang='lat' dir='ltr'>Qui</span> <span class='ocrx_word' id='word_1_215' title='bbox 345 2371 428 2429; x_wconf 90' lang='lat' dir='ltr'>locus</span> <span class='ocrx_word' id='word_1_216' title='bbox 447 2371 519 2448; x_wconf 90' lang='lat' dir='ltr'>quin</span> <span class='ocrx_word' id='word_1_217' title='bbox 538 2374 696 2446; x_wconf 88' lang='lat' dir='ltr'>corruptus</span> <span class='ocrx_word' id='word_1_218' title='bbox 715 2371 756 2429; x_wconf 90' lang='lat' dir='ltr'>sit</span> <span class='ocrx_word' id='word_1_219' title='bbox 772 2369 889 2428; x_wconf 89' lang='lat' dir='ltr'>incuria</span> <span class='ocrx_word' id='word_1_220' title='bbox 908 2368 1024 2427; x_wconf 89' lang='lat' dir='ltr'>librarii</span> <span class='ocrx_word' id='word_1_221' title='bbox 1042 2371 1073 2427; x_wconf 94' lang='lat' dir='ltr'>et</span> <span class='ocrx_word' id='word_1_222' title='bbox 1092 2369 1268 2428; x_wconf 89' lang='lat' dir='ltr'>emendatus</span> 
     </span>
     <span class='ocr_line' id='line_1_25' title="bbox 92 2457 1152 2527; baseline 0.001 -10"><span class='ocrx_word' id='word_1_223' title='bbox 92 2457 269 2518; x_wconf 87' lang='lat' dir='ltr'>felicissima</span> <span class='ocrx_word' id='word_1_224' title='bbox 289 2457 446 2520; x_wconf 83' lang='lat' dir='ltr'>Steweehii</span> <span class='ocrx_word' id='word_1_225' title='bbox 464 2459 635 2520; x_wconf 85' lang='lat' dir='ltr'>coniectura</span> <span class='ocrx_word' id='word_1_226' title='bbox 654 2461 808 2527; x_wconf 81' lang='lat' dir='ltr'>ortt-cru,</span> <span class='ocrx_word' id='word_1_227' title='bbox 827 2458 912 2517; x_wconf 90' lang='lat' dir='ltr'>nulla</span> <span class='ocrx_word' id='word_1_228' title='bbox 929 2460 976 2517; x_wconf 93' lang='lat' dir='ltr'>est</span> <span class='ocrx_word' id='word_1_229' title='bbox 995 2458 1152 2518; x_wconf 88' lang='lat' dir='ltr'>dubitatio.</span> 
     </span>
    </p>

    <p class='ocr_par' dir='ltr' id='par_1_4' title="bbox 93 2546 1272 4321">
     <span class='ocr_line' id='line_1_26' title="bbox 186 2546 1269 2625; baseline 0.001 -20"><span class='ocrx_word' id='word_1_230' title='bbox 186 2548 220 2606; x_wconf 93' lang='lat' dir='ltr'>In</span> <span class='ocrx_word' id='word_1_231' title='bbox 242 2567 345 2624; x_wconf 83' lang='lat' dir='ltr'>pugna</span> <span class='ocrx_word' id='word_1_232' title='bbox 363 2550 443 2624; x_wconf 88' lang='lat' dir='ltr'>apud</span> <span class='ocrx_word' id='word_1_233' title='bbox 462 2548 580 2608; x_wconf 81' lang='lat' dir='ltr'>Cannas</span> <span class='ocrx_word' id='word_1_234' title='bbox 599 2549 755 2609; x_wconf 88' lang='lat' dir='ltr'>commissa</span> <span class='ocrx_word' id='word_1_235' title='bbox 778 2549 966 2608; x_wconf 85' lang='lat' dir='ltr'>sescentos</span> <span class='ocrx_word' id='word_1_236' title='bbox 986 2546 1102 2625; x_wconf 86' lang='lat' dir='ltr'>equites</span> <span class='ocrx_word' id='word_1_237' title='bbox 1123 2547 1269 2606; x_wconf 86' lang='lat' dir='ltr'>Numidas</span> 
     </span>
     <span class='ocr_line' id='line_1_27' title="bbox 95 2636 1271 2715; baseline -0.002 -18"><span class='ocrx_word' id='word_1_238' title='bbox 95 2642 249 2714; x_wconf 88' lang='lat' dir='ltr'>tamquam</span> <span class='ocrx_word' id='word_1_239' title='bbox 268 2638 441 2714; x_wconf 86' lang='lat' dir='ltr'>transfugas</span> <span class='ocrx_word' id='word_1_240' title='bbox 457 2658 475 2698; x_wconf 88' lang='lat' dir='ltr'>a</span> <span class='ocrx_word' id='word_1_241' title='bbox 490 2638 629 2698; x_wconf 86' lang='lat' dir='ltr'>Romanis</span> <span class='ocrx_word' id='word_1_242' title='bbox 644 2639 779 2715; x_wconf 88' lang='lat' dir='ltr'>receptos</span> <span class='ocrx_word' id='word_1_243' title='bbox 794 2642 881 2714; x_wconf 87' lang='lat' dir='ltr'>terga</span> <span class='ocrx_word' id='word_1_244' title='bbox 900 2656 1003 2696; x_wconf 90' lang='lat' dir='ltr'>eorum</span> <span class='ocrx_word' id='word_1_245' title='bbox 1022 2636 1164 2696; x_wconf 87' lang='lat' dir='ltr'>cecidisse</span> <span class='ocrx_word' id='word_1_246' title='bbox 1179 2638 1271 2695; x_wconf 78' lang='lat' dir='ltr'>Fron-</span> 
     </span>
     <span class='ocr_line' id='line_1_28' title="bbox 94 2725 1269 2806; baseline -0.001 -20"><span class='ocrx_word' id='word_1_247' title='bbox 94 2728 176 2786; x_wconf 87' lang='lat' dir='ltr'>tinus</span> <span class='ocrx_word' id='word_1_248' title='bbox 198 2729 226 2799; x_wconf 89' lang='lat'>2,</span> <span class='ocrx_word' id='word_1_249' title='bbox 241 2728 270 2802; x_wconf 82' lang='lat'>5,</span> <span class='ocrx_word' id='word_1_250' title='bbox 287 2730 327 2786; x_wconf 82' lang='lat'>27</span> <span class='ocrx_word' id='word_1_251' title='bbox 347 2730 459 2806; x_wconf 88' lang='lat' dir='ltr'>narrat,</span> <span class='ocrx_word' id='word_1_252' title='bbox 478 2730 698 2806; x_wconf 88' lang='lat' dir='ltr'>quingentos</span> <span class='ocrx_word' id='word_1_253' title='bbox 716 2727 820 2786; x_wconf 90' lang='lat' dir='ltr'>Liuius</span> <span class='ocrx_word' id='word_1_254' title='bbox 836 2729 887 2801; x_wconf 94' lang='lat'>22,</span> <span class='ocrx_word' id='word_1_255' title='bbox 902 2727 954 2799; x_wconf 87' lang='lat'>48,</span> <span class='ocrx_word' id='word_1_256' title='bbox 971 2727 988 2783; x_wconf 89' lang='grc'>2</span> <span class='ocrx_word' id='word_1_257' title='bbox 1009 2728 1100 2801; x_wconf 88' lang='lat' dir='ltr'>atque</span> <span class='ocrx_word' id='word_1_258' title='bbox 1114 2725 1269 2801; x_wconf 83' lang='lat' dir='ltr'>Appianus</span> 
     </span>
     <span class='ocr_line' id='line_1_29' title="bbox 94 2813 1270 2894; baseline 0 -20"><span class='ocrx_word' id='word_1_259' title='bbox 94 2816 193 2874; x_wconf 88' lang='lat' dir='ltr'>Hann.</span> <span class='ocrx_word' id='word_1_260' title='bbox 214 2817 263 2874; x_wconf 89' lang='lat'>20.</span> <span class='ocrx_word' id='word_1_261' title='bbox 284 2817 335 2876; x_wconf 90' lang='lat'>22.</span> <span class='ocrx_word' id='word_1_262' title='bbox 355 2819 406 2894; x_wconf 86' lang='lat'>23,</span> <span class='ocrx_word' id='word_1_263' title='bbox 428 2818 717 2894; x_wconf 85' lang='lat' dir='ltr'>quadringentos</span> <span class='ocrx_word' id='word_1_264' title='bbox 736 2815 874 2876; x_wconf 87' lang='lat' dir='ltr'>Valerius</span> <span class='ocrx_word' id='word_1_265' title='bbox 894 2813 1041 2874; x_wconf 81' lang='lat' dir='ltr'>Maximus</span> <span class='ocrx_word' id='word_1_266' title='bbox 1063 2817 1091 2892; x_wconf 82' lang='grc'>7,</span> <span class='ocrx_word' id='word_1_267' title='bbox 1113 2816 1142 2890; x_wconf 89' lang='grc'>4,</span> <span class='ocrx_word' id='word_1_268' title='bbox 1162 2818 1220 2874; x_wconf 82' lang='lat' dir='ltr'>ext.</span> <span class='ocrx_word' id='word_1_269' title='bbox 1241 2818 1270 2875; x_wconf 91' lang='grc'>2.</span> 
     </span>
     <span class='ocr_line' id='line_1_30' title="bbox 94 2903 1271 2982; baseline 0 -19"><span class='ocrx_word' id='word_1_270' title='bbox 94 2905 262 2964; x_wconf 88' lang='lat' dir='ltr'>Numerum</span> <span class='ocrx_word' id='word_1_271' title='bbox 290 2908 392 2965; x_wconf 87' lang='lat' dir='ltr'>autem</span> <span class='ocrx_word' id='word_1_272' title='bbox 419 2909 665 2966; x_wconf 86' lang='lat' dir='ltr'>sescentorum</span> <span class='ocrx_word' id='word_1_273' title='bbox 693 2924 792 2965; x_wconf 90' lang='lat' dir='ltr'>errore</span> <span class='ocrx_word' id='word_1_274' title='bbox 820 2908 919 2964; x_wconf 91' lang='lat' dir='ltr'>ortum</span> <span class='ocrx_word' id='word_1_275' title='bbox 949 2923 1016 2964; x_wconf 89' lang='lat' dir='ltr'>esse</span> <span class='ocrx_word' id='word_1_276' title='bbox 1037 2903 1188 2982; x_wconf 83' lang='lat' dir='ltr'>Frontini,</span> <span class='ocrx_word' id='word_1_277' title='bbox 1218 2905 1271 2980; x_wconf 92' lang='lat' dir='ltr'>qui</span> 
     </span>
     <span class='ocr_line' id='line_1_31' title="bbox 94 2993 1269 3073; baseline -0.002 -21"><span class='ocrx_word' id='word_1_278' title='bbox 94 2993 243 3052; x_wconf 90' lang='lat' dir='ltr'>Numidas</span> <span class='ocrx_word' id='word_1_279' title='bbox 262 3013 330 3053; x_wconf 92' lang='lat' dir='ltr'>cum</span> <span class='ocrx_word' id='word_1_280' title='bbox 349 2996 492 3056; x_wconf 89' lang='lat' dir='ltr'>sescentis</span> <span class='ocrx_word' id='word_1_281' title='bbox 507 2995 659 3073; x_wconf 90' lang='lat' dir='ltr'>equitibus</span> <span class='ocrx_word' id='word_1_282' title='bbox 674 2995 817 3054; x_wconf 84' lang='lat' dir='ltr'>aduersus</span> <span class='ocrx_word' id='word_1_283' title='bbox 832 2994 953 3052; x_wconf 91' lang='lat' dir='ltr'>Iunium</span> <span class='ocrx_word' id='word_1_284' title='bbox 971 2994 1149 3052; x_wconf 88' lang='lat' dir='ltr'>dictatorem</span> <span class='ocrx_word' id='word_1_285' title='bbox 1168 2993 1269 3052; x_wconf 91' lang='lat' dir='ltr'>missis</span> 
     </span>
     <span class='ocr_line' id='line_1_32' title="bbox 97 3075 1269 3165; baseline -0.001 -23"><span class='ocrx_word' id='word_1_286' title='bbox 97 3076 133 3165; x_wconf 68' lang='grc' dir='ltr'>(ξ</span> <span class='ocrx_word' id='word_1_287' title='bbox 153 3085 182 3158; x_wconf 90' lang='grc'>2,</span> <span class='ocrx_word' id='word_1_288' title='bbox 201 3085 231 3159; x_wconf 81' lang='lat'>5,</span> <span class='ocrx_word' id='word_1_289' title='bbox 250 3076 306 3165; x_wconf 82' lang='lat'>25)</span> <span class='ocrx_word' id='word_1_290' title='bbox 330 3085 573 3163; x_wconf 81' lang='lat' dir='ltr'>commutarent,</span> <span class='ocrx_word' id='word_1_291' title='bbox 598 3085 769 3144; x_wconf 87' lang='lat' dir='ltr'>coniectura</span> <span class='ocrx_word' id='word_1_292' title='bbox 787 3087 833 3143; x_wconf 89' lang='lat' dir='ltr'>est</span> <span class='ocrx_word' id='word_1_293' title='bbox 851 3075 1052 3160; x_wconf 84' lang='lat' dir='ltr'>Woelfflini¹)</span> <span class='ocrx_word' id='word_1_294' title='bbox 1075 3101 1183 3158; x_wconf 90' lang='lat' dir='ltr'>parum</span> <span class='ocrx_word' id='word_1_295' title='bbox 1202 3100 1269 3158; x_wconf 92' lang='lat' dir='ltr'>pro-</span> 
     </span>
     <span class='ocr_line' id='line_1_33' title="bbox 95 3171 1271 3247; baseline -0.001 -17"><span class='ocrx_word' id='word_1_296' title='bbox 95 3171 215 3231; x_wconf 88' lang='lat' dir='ltr'>babilis.</span> <span class='ocrx_word' id='word_1_297' title='bbox 259 3173 389 3232; x_wconf 76' lang='lat' dir='ltr'>Facilius</span> <span class='ocrx_word' id='word_1_298' title='bbox 417 3174 624 3234; x_wconf 88' lang='lat' dir='ltr'>diuersitatem</span> <span class='ocrx_word' id='word_1_299' title='bbox 648 3175 735 3234; x_wconf 88' lang='lat' dir='ltr'>solito</span> <span class='ocrx_word' id='word_1_300' title='bbox 759 3173 865 3232; x_wconf 90' lang='lat' dir='ltr'>mendo</span> <span class='ocrx_word' id='word_1_301' title='bbox 889 3175 986 3232; x_wconf 87' lang='lat' dir='ltr'>ortam</span> <span class='ocrx_word' id='word_1_302' title='bbox 1010 3171 1149 3247; x_wconf 87' lang='lat' dir='ltr'>accipies,</span> <span class='ocrx_word' id='word_1_303' title='bbox 1179 3175 1213 3230; x_wconf 92' lang='lat' dir='ltr'>ut</span> <span class='ocrx_word' id='word_1_304' title='bbox 1240 3172 1271 3230; x_wconf 91' lang='lat' dir='ltr'>in</span> 
     </span>
     <span class='ocr_line' id='line_1_34' title="bbox 95 3259 1272 3338; baseline 0.001 -20"><span class='ocrx_word' id='word_1_305' title='bbox 95 3261 196 3320; x_wconf 87' lang='lat' dir='ltr'>uerbis</span> <span class='ocrx_word' id='word_1_306' title='bbox 210 3260 457 3337; x_wconf 73' lang='lat' dir='ltr'><em>DOEQUITES</em></span> <span class='ocrx_word' id='word_1_307' title='bbox 472 3263 638 3322; x_wconf 85' lang='lat' dir='ltr'>maiuscula</span> <span class='ocrx_word' id='word_1_308' title='bbox 657 3263 806 3338; x_wconf 91' lang='lat' dir='ltr'>scriptura</span> <span class='ocrx_word' id='word_1_309' title='bbox 823 3262 966 3322; x_wconf 90' lang='lat' dir='ltr'>continua</span> <span class='ocrx_word' id='word_1_310' title='bbox 980 3261 1108 3320; x_wconf 86' lang='lat' dir='ltr'>exaratis</span> <span class='ocrx_word' id='word_1_311' title='bbox 1128 3259 1272 3321; x_wconf 82' lang='lat' dir='ltr'>litteraO</span> 
     </span>
     <span class='ocr_line' id='line_1_35' title="bbox 94 3349 1270 3428; baseline -0.001 -19"><span class='ocrx_word' id='word_1_312' title='bbox 94 3350 297 3427; x_wconf 84' lang='lat' dir='ltr'>geminatione</span> <span class='ocrx_word' id='word_1_313' title='bbox 315 3351 500 3428; x_wconf 87' lang='lat' dir='ltr'>insequentis</span> <span class='ocrx_word' id='word_1_314' title='bbox 519 3352 640 3411; x_wconf 88' lang='lat' dir='ltr'>litterae</span> <span class='ocrx_word' id='word_1_315' title='bbox 658 3352 691 3410; x_wconf 83' lang='grc' dir='ltr'><strong><em>Ε</em></strong></span> <span class='ocrx_word' id='word_1_316' title='bbox 706 3355 778 3410; x_wconf 92' lang='lat' dir='ltr'>nata</span> <span class='ocrx_word' id='word_1_317' title='bbox 796 3352 843 3410; x_wconf 90' lang='lat' dir='ltr'>sit.</span> <span class='ocrx_word' id='word_1_318' title='bbox 880 3351 1029 3427; x_wconf 86' lang='lat' dir='ltr'>Profecto,</span> <span class='ocrx_word' id='word_1_319' title='bbox 1047 3368 1114 3408; x_wconf 89' lang='lat' dir='ltr'>cum</span> <span class='ocrx_word' id='word_1_320' title='bbox 1133 3369 1168 3408; x_wconf 83' lang='lat' dir='ltr'>ex</span> <span class='ocrx_word' id='word_1_321' title='bbox 1188 3349 1270 3408; x_wconf 85' lang='lat' dir='ltr'>Liuii</span> 
     </span>
     <span class='ocr_line' id='line_1_36' title="bbox 94 3437 1271 3516; baseline 0.001 -19"><span class='ocrx_word' id='word_1_322' title='bbox 94 3441 160 3498; x_wconf 86' lang='lat' dir='ltr'>loco</span> <span class='ocrx_word' id='word_1_323' title='bbox 178 3439 300 3498; x_wconf 88' lang='lat' dir='ltr'>laudato</span> <span class='ocrx_word' id='word_1_324' title='bbox 319 3441 400 3499; x_wconf 88' lang='lat' dir='ltr'>haud</span> <span class='ocrx_word' id='word_1_325' title='bbox 420 3442 508 3500; x_wconf 88' lang='lat' dir='ltr'>dubie</span> <span class='ocrx_word' id='word_1_326' title='bbox 528 3441 583 3500; x_wconf 85' lang='lat' dir='ltr'>boc</span> <span class='ocrx_word' id='word_1_327' title='bbox 602 3440 771 3516; x_wconf 84' lang='lat' dir='ltr'>exemplum</span> <span class='ocrx_word' id='word_1_328' title='bbox 790 3444 961 3516; x_wconf 85' lang='lat' dir='ltr'>excerptum</span> <span class='ocrx_word' id='word_1_329' title='bbox 981 3440 1034 3515; x_wconf 90' lang='lat' dir='ltr'>sit,</span> <span class='ocrx_word' id='word_1_330' title='bbox 1058 3437 1138 3514; x_wconf 89' lang='lat' dir='ltr'>apud</span> <span class='ocrx_word' id='word_1_331' title='bbox 1157 3443 1271 3498; x_wconf 87' lang='lat' dir='ltr'>utrum·</span> 
     </span>
     <span class='ocr_line' id='line_1_37' title="bbox 95 3528 1270 3606; baseline 0.001 -20"><span class='ocrx_word' id='word_1_332' title='bbox 95 3549 154 3605; x_wconf 90' lang='lat' dir='ltr'>que</span> <span class='ocrx_word' id='word_1_333' title='bbox 168 3531 203 3588; x_wconf 90' lang='lat' dir='ltr'>ut</span> <span class='ocrx_word' id='word_1_334' title='bbox 216 3528 295 3588; x_wconf 88' lang='lat' dir='ltr'>idem</span> <span class='ocrx_word' id='word_1_335' title='bbox 310 3529 430 3605; x_wconf 84' lang='lat' dir='ltr'>legatur</span> <span class='ocrx_word' id='word_1_336' title='bbox 442 3548 593 3603; x_wconf 89' lang='lat' dir='ltr'>numerus,</span> <span class='ocrx_word' id='word_1_337' title='bbox 619 3532 825 3606; x_wconf 84' lang='lat' dir='ltr'>exspectatur:</span> <span class='ocrx_word' id='word_1_338' title='bbox 843 3528 903 3588; x_wconf 92' lang='lat' dir='ltr'>nisi</span> <span class='ocrx_word' id='word_1_339' title='bbox 917 3529 995 3588; x_wconf 88' lang='lat' dir='ltr'>forte</span> <span class='ocrx_word' id='word_1_340' title='bbox 1009 3528 1101 3588; x_wconf 91' lang='lat' dir='ltr'>sumis</span> <span class='ocrx_word' id='word_1_341' title='bbox 1117 3530 1270 3605; x_wconf 83' lang='lat' dir='ltr'>exemplar</span> 
     </span>
     <span class='ocr_line' id='line_1_38' title="bbox 94 3617 1270 3697; baseline 0 -21"><span class='ocrx_word' id='word_1_342' title='bbox 94 3617 189 3696; x_wconf 89' lang='lat' dir='ltr'>Liuii,</span> <span class='ocrx_word' id='word_1_343' title='bbox 216 3618 296 3694; x_wconf 89' lang='lat' dir='ltr'>quod</span> <span class='ocrx_word' id='word_1_344' title='bbox 322 3618 484 3680; x_wconf 80' lang='lat' dir='ltr'>Frontinus</span> <span class='ocrx_word' id='word_1_345' title='bbox 511 3619 687 3697; x_wconf 86' lang='lat' dir='ltr'>euoluisset,</span> <span class='ocrx_word' id='word_1_346' title='bbox 714 3619 890 3678; x_wconf 89' lang='lat' dir='ltr'>mendosum</span> <span class='ocrx_word' id='word_1_347' title='bbox 912 3617 1016 3676; x_wconf 86' lang='lat' dir='ltr'>fuisse.</span> <span class='ocrx_word' id='word_1_348' title='bbox 1047 3647 1084 3658; x_wconf 90' lang='lat'><em>-</em></span> <span class='ocrx_word' id='word_1_349' title='bbox 1115 3617 1270 3697; x_wconf 83' lang='lat' dir='ltr'>Similiter,</span> 
     </span>
     <span class='ocr_line' id='line_1_39' title="bbox 96 3705 1267 3786; baseline 0 -19"><span class='ocrx_word' id='word_1_350' title='bbox 96 3708 149 3767; x_wconf 90' lang='lat' dir='ltr'>sed</span> <span class='ocrx_word' id='word_1_351' title='bbox 167 3710 202 3766; x_wconf 90' lang='lat' dir='ltr'>ut</span> <span class='ocrx_word' id='word_1_352' title='bbox 220 3726 279 3766; x_wconf 93' lang='lat' dir='ltr'>non</span> <span class='ocrx_word' id='word_1_353' title='bbox 298 3708 434 3786; x_wconf 88' lang='lat' dir='ltr'>adderet,</span> <span class='ocrx_word' id='word_1_354' title='bbox 457 3726 563 3767; x_wconf 91' lang='lat' dir='ltr'>uerum</span> <span class='ocrx_word' id='word_1_355' title='bbox 582 3708 735 3767; x_wconf 90' lang='lat' dir='ltr'>omitteret</span> <span class='ocrx_word' id='word_1_356' title='bbox 757 3707 874 3766; x_wconf 90' lang='lat' dir='ltr'>numeri</span> <span class='ocrx_word' id='word_1_357' title='bbox 893 3709 997 3766; x_wconf 86' lang='lat' dir='ltr'>notam</span> <span class='ocrx_word' id='word_1_358' title='bbox 1015 3705 1169 3780; x_wconf 89' lang='lat' dir='ltr'>librarius,</span> <span class='ocrx_word' id='word_1_359' title='bbox 1193 3710 1267 3783; x_wconf 89' lang='lat' dir='ltr'>puto</span> 
     </span>
     <span class='ocr_line' id='line_1_40' title="bbox 93 3795 1268 3874; baseline 0.002 -20"><span class='ocrx_word' id='word_1_360' title='bbox 93 3796 172 3854; x_wconf 88' lang='lat' dir='ltr'>illud</span> <span class='ocrx_word' id='word_1_361' title='bbox 194 3796 308 3856; x_wconf 86' lang='lat' dir='ltr'>factum</span> <span class='ocrx_word' id='word_1_362' title='bbox 331 3817 407 3872; x_wconf 89' lang='lat' dir='ltr'>esse,</span> <span class='ocrx_word' id='word_1_363' title='bbox 434 3799 513 3874; x_wconf 93' lang='lat' dir='ltr'>quod</span> <span class='ocrx_word' id='word_1_364' title='bbox 536 3797 698 3856; x_wconf 80' lang='lat' dir='ltr'>Frontinus</span> <span class='ocrx_word' id='word_1_365' title='bbox 724 3800 755 3874; x_wconf 95' lang='grc'>2,</span> <span class='ocrx_word' id='word_1_366' title='bbox 777 3799 826 3872; x_wconf 87' lang='grc'>13,</span> <span class='ocrx_word' id='word_1_367' title='bbox 846 3799 879 3871; x_wconf 88' lang='grc'>9,</span> <span class='ocrx_word' id='word_1_368' title='bbox 908 3795 1046 3872; x_wconf 90' lang='lat' dir='ltr'>quamuis</span> <span class='ocrx_word' id='word_1_369' title='bbox 1069 3814 1135 3853; x_wconf 92' lang='lat' dir='ltr'>cum</span> <span class='ocrx_word' id='word_1_370' title='bbox 1161 3798 1268 3856; x_wconf 89' lang='lat' dir='ltr'>ceteris</span> 
     </span>
     <span class='ocr_line' id='line_1_41' title="bbox 94 3883 1268 3963; baseline 0.001 -19"><span class='ocrx_word' id='word_1_371' title='bbox 94 3885 292 3961; x_wconf 85' lang='lat' dir='ltr'>scriptoribus</span> <span class='ocrx_word' id='word_1_372' title='bbox 317 3887 497 3963; x_wconf 86' lang='lat' dir='ltr'>consentiat,</span> <span class='ocrx_word' id='word_1_373' title='bbox 519 3891 621 3946; x_wconf 88' lang='lat' dir='ltr'>tamen</span> <span class='ocrx_word' id='word_1_374' title='bbox 643 3887 788 3946; x_wconf 90' lang='lat' dir='ltr'>minorem</span> <span class='ocrx_word' id='word_1_375' title='bbox 810 3903 968 3944; x_wconf 90' lang='lat' dir='ltr'>numerum</span> <span class='ocrx_word' id='word_1_376' title='bbox 986 3883 1110 3944; x_wconf 87' lang='lat' dir='ltr'>nauium</span> <span class='ocrx_word' id='word_1_377' title='bbox 1128 3885 1268 3961; x_wconf 89' lang='lat' dir='ltr'>praebet:</span> 
     </span>
     <span class='ocr_line' id='line_1_42' title="bbox 93 3973 1271 4052; baseline -0.002 -17"><span class='ocrx_word' id='word_1_378' title='bbox 93 3975 144 4035; x_wconf 88' lang='lat' dir='ltr'>hic</span> <span class='ocrx_word' id='word_1_379' title='bbox 172 3976 250 4034; x_wconf 89' lang='lat' dir='ltr'>enim</span> <span class='ocrx_word' id='word_1_380' title='bbox 273 3975 305 4035; x_wconf 90' lang='lat' dir='ltr'>P.</span> <span class='ocrx_word' id='word_1_381' title='bbox 325 3975 483 4037; x_wconf 83' lang='lat' dir='ltr'>Claudium</span> <span class='ocrx_word' id='word_1_382' title='bbox 511 3996 565 4052; x_wconf 90' lang='lat' dir='ltr'>per</span> <span class='ocrx_word' id='word_1_383' title='bbox 588 3977 720 4036; x_wconf 91' lang='lat' dir='ltr'>bostium</span> <span class='ocrx_word' id='word_1_384' title='bbox 741 3973 893 4051; x_wconf 90' lang='lat' dir='ltr'>praesidia</span> <span class='ocrx_word' id='word_1_385' title='bbox 922 3975 1055 4050; x_wconf 88' lang='lat' dir='ltr'>erupisse</span> <span class='ocrx_word' id='word_1_386' title='bbox 1085 3974 1178 4033; x_wconf 88' lang='lat' dir='ltr'>tradit</span> <span class='ocrx_word' id='word_1_387' title='bbox 1203 3994 1271 4033; x_wconf 93' lang='lat' dir='ltr'>cum</span> 
     </span>
     <span class='ocr_line' id='line_1_43' title="bbox 94 4062 1268 4142; baseline 0.001 -21"><span class='ocrx_word' id='word_1_388' title='bbox 94 4064 154 4122; x_wconf 88' lang='lat' dir='ltr'>XX</span> <span class='ocrx_word' id='word_1_389' title='bbox 172 4065 309 4142; x_wconf 87' lang='lat' dir='ltr'>nauibus,</span> <span class='ocrx_word' id='word_1_390' title='bbox 328 4084 395 4125; x_wconf 90' lang='lat' dir='ltr'>cum</span> <span class='ocrx_word' id='word_1_391' title='bbox 414 4065 507 4125; x_wconf 89' lang='lat' dir='ltr'>XXX</span> <span class='ocrx_word' id='word_1_392' title='bbox 526 4085 597 4126; x_wconf 88' lang='lat' dir='ltr'>uero</span> <span class='ocrx_word' id='word_1_393' title='bbox 616 4066 743 4124; x_wconf 87' lang='lat' dir='ltr'>nauibus</span> <span class='ocrx_word' id='word_1_394' title='bbox 761 4062 904 4140; x_wconf 87' lang='lat' dir='ltr'>Polybius</span> <span class='ocrx_word' id='word_1_395' title='bbox 922 4066 948 4138; x_wconf 98' lang='grc'>1,</span> <span class='ocrx_word' id='word_1_396' title='bbox 966 4066 1018 4138; x_wconf 86' lang='grc'>51,</span> <span class='ocrx_word' id='word_1_397' title='bbox 1036 4066 1084 4136; x_wconf 85' lang='grc'>11,</span> <span class='ocrx_word' id='word_1_398' title='bbox 1104 4063 1268 4139; x_wconf 84' lang='lat' dir='ltr'>Eutropius</span> 
     </span>
     <span class='ocr_line' id='line_1_44' title="bbox 96 4151 1268 4232; baseline -0.001 -20"><span class='ocrx_word' id='word_1_399' title='bbox 96 4157 128 4225; x_wconf 87' lang='grc'>2,</span> <span class='ocrx_word' id='word_1_400' title='bbox 148 4155 200 4230; x_wconf 85' lang='grc'>26,</span> <span class='ocrx_word' id='word_1_401' title='bbox 223 4152 346 4214; x_wconf 88' lang='lat' dir='ltr'>Orosius</span> <span class='ocrx_word' id='word_1_402' title='bbox 365 4158 395 4228; x_wconf 86' lang='lat'>4,</span> <span class='ocrx_word' id='word_1_403' title='bbox 416 4158 465 4232; x_wconf 91' lang='grc'>10,</span> <span class='ocrx_word' id='word_1_404' title='bbox 486 4157 514 4214; x_wconf 89' lang='grc'>3.</span> <span class='ocrx_word' id='word_1_405' title='bbox 551 4155 653 4232; x_wconf 86' lang='lat' dir='ltr'>Longe</span> <span class='ocrx_word' id='word_1_406' title='bbox 678 4153 768 4214; x_wconf 89' lang='lat' dir='ltr'>aliter</span> <span class='ocrx_word' id='word_1_407' title='bbox 790 4154 827 4212; x_wconf 89' lang='lat' dir='ltr'>de</span> <span class='ocrx_word' id='word_1_408' title='bbox 846 4171 882 4212; x_wconf 84' lang='lat' dir='ltr'>ea</span> <span class='ocrx_word' id='word_1_409' title='bbox 906 4153 990 4212; x_wconf 91' lang='lat' dir='ltr'>clade</span> <span class='ocrx_word' id='word_1_410' title='bbox 1010 4151 1157 4211; x_wconf 90' lang='lat' dir='ltr'>Diodorus</span> <span class='ocrx_word' id='word_1_411' title='bbox 1178 4155 1230 4231; x_wconf 89' lang='lat'>24,</span> <span class='ocrx_word' id='word_1_412' title='bbox 1253 4157 1268 4211; x_wconf 92' lang='lat'>1</span> 
     </span>
     <span class='ocr_line' id='line_1_45' title="bbox 93 4243 585 4321; baseline 0.002 -20"><span class='ocrx_word' id='word_1_413' title='bbox 93 4243 197 4321; x_wconf 85' lang='lat' dir='ltr'>refert,</span> <span class='ocrx_word' id='word_1_414' title='bbox 216 4261 343 4319; x_wconf 93' lang='lat' dir='ltr'>quocum</span> <span class='ocrx_word' id='word_1_415' title='bbox 362 4244 486 4304; x_wconf 89' lang='lat' dir='ltr'>hicnon</span> <span class='ocrx_word' id='word_1_416' title='bbox 506 4245 585 4304; x_wconf 83' lang='lat' dir='ltr'>facit.</span> 
     </span>
    </p>
   </div>
   <div class='ocr_carea' id='block_1_3' title="bbox 98 4372 312 4386">
    <p class='ocr_par' dir='ltr' id='par_1_5' title="bbox 98 4372 312 4386">
     <span class='ocr_line' id='line_1_46' title="bbox 98 4372 312 4386; baseline 0 -6"><span class='ocrx_word' id='word_1_417' title='bbox 98 4372 312 4386; x_wconf 49' lang='grc' dir='ltr'>...μ-*-</span> 
     </span>
    </p>
   </div>
   <div class='ocr_carea' id='block_1_4' title="bbox 186 4430 710 4500">
    <p class='ocr_par' dir='ltr' id='par_1_6' title="bbox 186 4430 710 4500">
     <span class='ocr_line' id='line_1_47' title="bbox 186 4430 710 4500; baseline 0.002 -17"><span class='ocrx_word' id='word_1_418' title='bbox 186 4434 212 4500; x_wconf 91' lang='grc'>1)</span> <span class='ocrx_word' id='word_1_419' title='bbox 231 4430 348 4487; x_wconf 87' lang='lat' dir='ltr'>Hermes</span> <span class='ocrx_word' id='word_1_420' title='bbox 363 4431 400 4484; x_wconf 88' lang='lat' dir='ltr'>IX</span> <span class='ocrx_word' id='word_1_421' title='bbox 417 4437 460 4484; x_wconf 82' lang='grc'>84.</span> <span class='ocrx_word' id='word_1_422' title='bbox 689 4449 710 4484; x_wconf 81' lang='lat' dir='ltr'><em>f</em></span> 
     </span>
    </p>
   </div>
   <div class='ocr_carea' id='block_1_5' title="bbox 0 0 1478 5086">
    <p class='ocr_par' dir='ltr' id='par_1_7' title="bbox 0 0 1478 5086">
     <span class='ocr_line' id='line_1_48' title="bbox 0 0 1478 5086; baseline 0 0"><span class='ocrx_word' id='word_1_423' title='bbox 0 0 1478 5086; x_wconf 95' lang='lat' dir='ltr'> </span> 
     </span>
    </p>
   </div>
  </div>
 </body>
</html>
