2948 5086
202 215 267 279 334
589 215 757 271 Gottholdus
775 213 988 270 Gundermann:
1457 149 1458 240 l

201 384 252 443 ubi
275 383 465 462 concesseris,
490 383 640 460 facillime,
664 382 810 460 quomodo
829 383 909 442 facta
928 383 969 442 611
989 385 1185 461 perturbatio,
1204 385 1382 463 intelleges:
1457 389 1458 450 l

202 474 274 532 haec
294 473 374 532 enim
397 475 532 550 exempla
550 473 602 550 qui
621 474 756 550 collegit,
784 473 815 532 in
833 473 968 550 margine
998 493 1033 534 ea
1052 475 1230 552 exemplaris
1254 479 1383 552 propter

204 562 313 620 similia
332 563 545 640 adscripserat;
563 563 615 621 ille
634 581 715 637 uero,
735 563 786 640 qui
805 563 956 637 exemplar
974 563 1018 622 ita
1037 565 1158 622 anetum
1177 564 1380 640 describebat,

196 646 260 710 'non
278 651 431 711 1616116616
449 653 564 712 6611666
583 670 638 711 666
655 654 812 728 perspecto
828 654 967 712 contextu
986 671 1087 712 rernm
1107 655 1242 730 exempla
1258 658 1286 730 1,
1302 657 1331 730 3,
1351 659 1381 716 7.

202 743 231 816 2,
251 742 280 810 8,
301 743 328 801 5.
350 745 378 817 2,
394 743 421 815 8,
439 745 456 802 9
478 741 630 818 superiore
649 740 699 800 uel
717 740 857 800 inferiore
875 741 939 800 loco
958 743 1028 816 post
1046 742 1166 802 diuersa
1188 743 1324 822 inseruit,
1344 748 1383 803 61

202 829 280 888 66616
298 831 343 888 116
361 831 466 890 effecta
484 830 616 890 narratio
637 829 778 889 euaderet
795 848 946 906 peruersa.

295 919 420 996 Reliqua
439 919 572 979 eiusdem
591 920 710 994 generis
730 920 865 994 exempla
884 938 937 978 suo
955 920 1021 980 loco
1044 919 1203 979 interiecta
1226 921 1380 983 uidentur.

201 1007 378 1083 Exemplum
402 1012 502 1068 autem
523 1011 552 1083 3,
572 1013 600 1082 7,
622 1010 640 1068 5
666 1008 829 1068 absurdum
853 1009 911 1068 eet:
939 1009 1157 1086 intelleguntur
1179 1010 1306 1070 fortasse
1327 1031 1379 1071 66-

202 1097 296 1172 66166,
315 1116 389 1173 quos
408 1117 463 1174 per
480 1098 638 1175 Babylona
657 1099 760 1158 urbem
780 1117 815 1156 ex
833 1097 987 1172 Euphrate
1006 1097 1179 1158 Samiramis
1199 1101 1298 1176 duxit,
1317 1120 1382 1160 non

202 1205 274 1245 uero
289 1186 394 1262 regina
412 1187 528 1263 urbem,
548 1206 636 1263 quam
651 1187 718 1263 ipsa
732 1186 898 1246 condidisse
913 1188 1018 1263 fertur,
1035 1187 1157 1248 flumine
1176 1208 1282 1249 auerso
1297 1191 1382 1266 cepit

201 1269 251 1355 (of.
271 1275 514 1354 Herod.1,185.
550 1276 647 1337 Streb.
664 1279 713 1350 16,
730 1279 758 1335 2.
779 1275 920 1352 Polyaen.
940 1278 969 1352 8,
989 1270 1055 1357 26).

288 1365 466 1440 Exemplum
487 1368 515 1440 2,
536 1367 564 1442 3,
586 1368 624 1423 11
651 1365 787 1441 suspicor
809 1368 980 1441 excerptum
1000 1383 1065 1424 esse
1089 1384 1124 1424 ex
1143 1367 1277 1443 exemplo
1298 1370 1325 1444 2,
1348 1369 1378 1442 5,

200 1456 251 1528 31,
277 1454 515 1514 66116116666116
539 1456 671 1514 6661616616·
692 1456 875 1514 1616616666
894 1456 970 1514 letus
992 1455 1072 1514 uelut
1094 1461 1237 1515 6666666661
1260 1459 1376 1530 equites,

199 1544 300 1602 delecte
319 1546 469 1603 circumito
488 1545 813 1617 16616661666666666
832 1563 851 1603 6
870 1549 947 1618 16666
965 1544 1177 1618 defeslueereet
1194 1563 1257 1622 sqq.

290 1634 432 1708 1,11,15
447 1632 611 1692 Eumenem
627 1652 727 1692 errore
741 1653 795 1708 pro
811 1633 914 1692 Attalo
928 1633 999 1708 poni
1013 1627 1375 1717 1166616611661111161)

199 1720 379 1780 611666666
409 1722 524 1781 Μ61166
533 1715 560 1800 2)
585 1723 768 1781 contendunt
788 1722 853 1780 coll.
878 1722 1020 1799 Polyaen.
1044 1725 1072 1796 4,
1094 1725 1145 1783 20.
1192 1722 1250 1782 Sed
1274 1726 1376 1782 nescio

199 1829 236 1868 an
256 1810 399 1870 Eumenis
413 1830 521 1870 nomen
535 1811 654 1870 defendi
668 1803 805 1890 6666113),
824 1813 1010 1871 cumcontra
1025 1809 1126 1870 Gallos
1142 1831 1207 1870 cum
1223 1831 1375 1889 pugnasse

198 1899 301 1960 tradat
314 1900 448 1959 lustinus
464 1903 516 1976 27,
527 1902 555 1976 3,
569 1904 601 1959 1:
620 1901 738 1959 Interea
755 1917 807 1959 666
817 1900 974 1974 Bithyniae
987 1901 1133 1959 Eumenes
1147 1946 1155 1960 .
1171 1947 1177 1959 .
1194 1947 1199 1959 .
1216 1948 1222 1961 .
1237 1904 1375 1960 uictorem

197 1987 372 2047 Antiocheam
392 1989 548 2062 Gallosque
567 1990 743 2063 adgreditur.
775 1989 838 2048 Nee
850 1991 970 2062 difficile
988 1991 1103 2049 6666166
1122 1991 1216 2049 adbuc
1238 2007 1271 2049 66
1289 2009 1375 2064 6666-

196 2080 274 2137 riore
292 2081 487 2152 conpressione
504 2081 614 2152 ieteper
631 2081 694 2152 ipse
711 2080 826 2138 6161166
843 2083 969 2152 subeat.
1012 2077 1099 2136 Certe
1124 2079 1180 2138 hoc
1199 2079 1273 2136 mihi
1292 2081 1375 2140 uide-

197 2169 248 2224 tur
267 2169 411 2241 constare,
431 2186 538 2226 nomen
556 2166 699 2226 Eumenis
718 2166 778 2226 iam
802 2167 895 2226 fuisse
914 2167 945 2224 16
964 2166 1060 2242 fonto,
1086 2187 1121 2226 ex
1146 2188 1203 2244 quo
1228 2167 1259 2226 id
1278 2187 1375 2227 exem-

197 2256 282 2331 plum
296 2256 394 2330 fluxit,
415 2273 595 2332 quamquam
609 2274 669 2314 non
683 2275 760 2333 nego
774 2275 839 2315 rem
853 2275 872 2314 a
885 2256 1037 2332 Polyaeno
1052 2259 1082 2314 et
1101 2256 1181 2332 apud
1196 2257 1375 2316 Frontinum

197 2339 350 2404 narratam
369 2347 406 2403 ad
427 2365 520 2403 unum
536 2348 671 2421 66661666
686 2348 877 2423 stratagema.
910 2345 979 2404 Non
998 2346 1091 2404 semel
1111 2346 1246 2404 sollertia
1265 2347 1375 2406 ducum

197 2433 278 2492 facta
296 2434 420 2492 mutatis
440 2433 608 2494 nominibus
628 2453 681 2493 seu
701 2435 830 2512 augendi
857 2435 956 2493 studio
976 2452 1028 2493 666
1048 2435 1111 2493 6661
1136 2435 1276 2511 indagine
1300 2439 1375 2494 tam-

198 2541 288 2598 quam
310 2523 465 2599 geminata
488 2541 566 2601 6666,
590 2523 734 2599 paulatim
754 2526 788 2581 61
807 2523 927 2582 diuersa
950 2524 1087 2599 exempla
1105 2523 1143 2581 ab
1163 2524 1218 2598 eis,
1243 2524 1293 2600 qui
1321 2544 1375 2584 no-

198 2612 306 2670 tabilia
325 2615 550 2691 excerpserunt,
572 2613 604 2670 in
629 2612 783 2672 uolumina
801 2614 921 2687 recepta
944 2631 1035 2687 supra
1058 2613 1119 2670 iam
1139 2613 1307 2687 expositum
1330 2618 1376 2672 661

200 2692 243 2780 (6.
264 2697 344 2781 330)
372 2701 542 2778 iterumque
564 2702 697 2761 noscitur
720 2703 855 2777 exemplo
880 2703 909 2773 3,
928 2703 958 2778 4,
979 2705 1008 2760 4.
1053 2701 1131 2760 Nam
1155 2701 1253 2760 alieno
1278 2721 1376 2760 exem-

196 2791 247 2864 plo
274 2792 312 2868 3,
327 2792 400 2867 4,4
433 2811 500 2850 cum
529 2790 678 2867 Polyaeno
703 2792 737 2866 5,
762 2795 795 2868 2,
822 2793 863 2850 10
891 2790 1032 2864 faciente,
1066 2793 1170 2849 contra
1198 2791 1375 2852 Himeraeos

197 2879 334 2955 Dionysii
364 2883 547 2955 strategema
570 2878 738 2939 adhibitum
766 2881 920 2956 narratur,
953 2879 1084 2954 genuino
1112 2882 1213 2938 autem
1241 2881 1375 2956 exemplo

198 2970 231 3042 3,
251 2971 323 3047 4,3
353 2973 479 3045 aparte
502 2968 627 3029 Diodori
652 2970 790 3044 14,108
817 2971 928 3043 616616,
960 2968 1090 3044 Reginos
1115 2987 1132 3027 6
1157 2969 1301 3046 Dionysio
1325 2971 1376 3028 de-

197 3063 298 3133 ceptos
317 3058 461 3116 traditur:
486 3062 669 3134 stratagema
687 3057 768 3116 hand
788 3057 877 3117 dubie
895 3076 989 3114 unum
1007 3057 1159 3133 idemque,
1180 3058 1232 3118 sed
1252 3060 1376 3118 uetusto

196 3145 256 3204 iam
275 3148 411 3222 tempore
429 3140 657 3228 6661661664)

285 3235 462 3311 Exemplum
480 3239 507 3308 3,
533 3239 567 3309 4,
592 3239 610 3294 2
640 3254 706 3295 cum
734 3235 904 3295 narratione
931 3235 1075 3312 Polyacni
1103 3238 1133 3309 4,
1159 3238 1186 3312 6,
1212 3239 1253 3295 20
1286 3237 1376 3312 61666

197 3317 389 3404 6666616615)
437 3325 508 3383 Tria
533 3325 630 3400 igitur
661 3327 795 3401 exempla
825 3326 913 3383 huius
939 3325 1058 3400 generis
1085 3325 1163 3400 apud
1190 3324 1377 3402 Polyaenum

198 3414 354 3488 leguntur:
380 3415 407 3488 1,
429 3417 479 3490 11,
500 3415 540 3473 15
560 3414 639 3489 apud
653 3413 796 3492 Polyaen.
817 3417 846 3492 4,
867 3417 916 3473 20.

381 3594 409 3668 3,
451 3596 479 3666 4,
522 3594 542 3650 4
587 3637 605 3670 ,,
646 3592 785 3669 Polyaen.
806 3593 835 3667 5,
856 3595 885 3669 2,
906 3595 954 3652 10.

286 3697 331 3755 Ex
349 3697 430 3756 Liuii
448 3699 525 3758 libro
543 3701 649 3775 quarto
669 3700 778 3758 hausta
796 3699 923 3758 conicias
942 3699 1028 3758 haec:

381 3808 409 3879 2,
429 3809 458 3883 4,
481 3810 518 3866 19
537 3806 603 3866 6611.
622 3804 686 3865 Liu.
703 3807 732 3878 4,
753 3807 803 3865 33.

381 3897 409 3970 2,
430 3898 458 3971 8,
501 3899 518 3955 9
571 3941 587 3969 ,,
628 3894 694 3952 aiu.
714 3896 743 3970 4,
764 3896 814 3968 32,
836 3897 863 3954 3.
884 3896 913 3953 4.
938 3895 989 3971 33,
1011 3896 1105 3954 7-8.

200 4033 413 4040 -ψ

289 4103 314 4168 1)
333 4098 449 4154 Hermes
467 4100 505 4153 IX
525 4105 567 4156 76.

287 4175 314 4240 2)
333 4171 428 4226 Jahrb.
448 4173 466 4226 f.
487 4171 565 4226 class.
586 4171 685 4226 Philol.
717 4170 813 4242 Suppl.
833 4171 881 4224 Bd.
902 4170 965 4224 XlV
986 4172 1078 4239 (1885)
1098 4177 1158 4226 341.

286 4244 313 4307 3)
334 4242 368 4297 cf.
388 4244 521 4312 Droysen,
540 4242 639 4297 Gesch.
659 4243 708 4298 das
727 4241 890 4297 Hellenism.
911 4241 963 4295 111²
984 4247 1007 4310 1,
1027 4249 1087 4297 398.
1107 4249 1158 4296 409
1179 4243 1260 4298 Anrn.
1281 4250 1305 4297 3.

285 4316 313 4381 4)
332 4314 352 4436 l·
369 4313 479 4437 llxlclber
497 4315 514 4368 l.
534 4314 553 4369 l.
571 4332 599 4384 p.
619 4319 671 4369 502
690 4332 747 4370 non
766 4314 841 4368 recte
861 4313 895 4368 de
915 4315 969 4368 hoc
988 4314 1116 4383 exemplo
1135 4314 1249 4370 iudicat.

286 4389 312 4450 5)
344 4429 349 4439 .
381 4389 508 4452 ,62666

380 3505 408 3576 3,
451 3505 480 3580 4,
522 3507 539 3560 2
588 3549 604 3579 ,,
645 3502 787 3580 Polyaen.
808 3505 837 3578 4,
859 3505 887 3579 6,
908 3507 957 3563 20.
