2948 5086
192 220 256 283 348
579 220 748 276 Gottholdus
767 169 976 276 Gunderniannr

191 407 277 465 genia
296 406 314 446 a
329 386 381 447 On.
397 387 507 449 Manlio
527 388 695 448 adhibitum
715 408 780 448 esse
794 390 955 449 Frontinus
970 390 1072 466 tradit,
1091 391 1170 465 quod
1185 408 1204 449 a
1218 391 1257 450 M.
1271 391 1377 452 Fabio

192 477 355 553 Dionysius
374 469 420 559 (9,
436 469 493 558 11)
512 478 543 536 et
556 477 660 536 Liuius
676 469 721 558 (2,
736 469 892 560 46-47).
924 478 960 537 Id
979 497 1045 538 curn
1065 480 1232 554 petulantia
1249 481 1376 540 librarii

190 566 400 642 perturbatum
430 585 494 625 esse
519 567 656 626 Andreas
679 567 828 626 Dederich
856 571 903 627 sat
926 567 1086 627 infeliciter
1108 569 1294 647 coniecisset,
1323 571 1375 628 in-

190 654 308 715 felicius
332 674 439 715 sanare
462 656 624 731 temptauit
648 656 705 715 sic:
735 657 779 716 M.
798 657 911 718 Fabius
934 657 1076 718 aduersus
1098 657 1240 718 Etruscos
1263 661 1375 718 ualue-

190 749 254 802 ruto
273 745 379 819 ccllcpo
398 744 450 803 Oa.
469 746 601 813 Manlio,
620 748 685 819 qui:
707 765 767 821 qna
785 746 951 806 mutatione
970 746 1045 805 nihil
1063 749 1110 805 est
1128 747 1271 823 ineptius,
1294 749 1376 823 quia

190 852 227 891 ue
251 833 293 892 sic
318 833 435 909 quidem
461 835 557 894 omnis
580 834 740 894 diuersitas
765 835 889 894 tollitur.
933 833 1155 895 consideratius
1178 856 1211 894 re
1232 837 1375 898 iudicata

190 921 298 981 Petrus
322 922 492 999 Wesseling
520 927 551 982 et
571 922 811 1000 Oudendorpius,
843 943 911 983 curn
937 925 1037 1000 ipsum
1065 928 1219 984 auctorem
1246 945 1372 986 errasse

192 1010 249 1070 sibi
267 1012 498 1087 persuasissent,
523 1011 598 1070 nihil
621 1013 798 1071 mutandum
818 1017 1007 1077 censuerunt.
1044 1012 1176 1083 Quorum
1196 1015 1371 1075 sententiae

190 1099 265 1158 bene
289 1101 384 1177 fauet,
415 1101 493 1176 quod
516 1101 548 1160 in
570 1101 740 1161 nominibus
765 1102 859 1161 errari
883 1102 998 1162 facilius
1022 1103 1122 1179 potuit
1143 1107 1265 1180 proptor
1288 1104 1373 1164 duos

190 1189 300 1248 Fabios
328 1209 361 1249 eo
384 1189 497 1264 proelio
525 1189 667 1267 insignes
711 1191 790 1250 Nam
818 1192 980 1268 Dionysius
1010 1197 1040 1251 et
1068 1191 1172 1250 Liuius
1201 1193 1273 1251 haec
1300 1194 1374 1254 fere

189 1281 327 1337 narrant:
351 1278 390 1338 M.
410 1278 522 1339 Fabius
541 1282 657 1352 consul,
680 1279 733 1356 qui
751 1280 866 1340 mediae
889 1281 963 1340 aciei
982 1284 1133 1357 praeerat,
1157 1281 1188 1339 in
1208 1281 1372 1356 sinistrum

190 1385 295 1444 cornu,
320 1367 399 1443 quod
418 1366 546 1436 Quintus
564 1369 675 1428 Fabius
695 1370 789 1429 frater
812 1362 1019 1449 (πρεεβευτήε
1043 1366 1094 1429 καὶ
1118 1363 1370 1445 ἀντιετράτηγοε

191 1451 246 1530 ὢν,
267 1450 285 1514 ὁ
300 1451 347 1515 bic
361 1451 540 1517 ὑπατεύεαε
554 1458 716 1534 Dionysius
730 1459 750 1517 l.
764 1450 798 1540 1.)
819 1459 955 1536 ducebat,
974 1459 1135 1532 transiluit,
1155 1461 1190 1518 ut
1204 1461 1369 1520 uulnerato

190 1544 223 1615 Q.
243 1544 336 1604 Fabio
356 1547 509 1606 cedentem
533 1547 626 1630 aciem
643 1548 829 1623 restituerat,
855 1548 960 1608 dcinde
986 1567 1054 1607 curn
1072 1548 1230 1607 uulnerato
1250 1549 1369 1609 Manlio

191 1634 307 1710 collega
324 1633 461 1694 dextrum
481 1654 573 1695 cornu
590 1637 663 1696 item
679 1637 782 1696 cedere
802 1637 944 1711 audisset,
964 1637 992 1696 ei
1010 1636 1128 1714 quoque
1146 1638 1226 1712 parti
1246 1656 1369 1697 succur-

191 1724 241 1782 rit.
261 1755 302 1764 —
323 1722 398 1782 Cum
417 1724 464 1783 his
483 1725 577 1803 igitur
595 1726 685 1801 paulo
703 1725 811 1786 melius
831 1726 1003 1787 conueniret
1019 1725 1154 1785 narratio
1173 1727 1320 1805 Frontini,
1341 1729 1369 1786 si

191 1812 346 1882 Quintus
376 1813 509 1874 Fabius
538 1813 758 1892 significaretur
786 1815 886 1874 uerbis
910 1816 1004 1875 Fabio
1027 1817 1077 1888 qut
1098 1817 1250 1875 sinistrum
1272 1834 1368 1876 omna

190 1903 317 1962 ducebat.
358 1901 416 1962 Sed
440 1923 475 1962 ex
498 1903 637 1980 uestigiis
660 1905 768 1964 codicis
792 1904 948 1965 Harleiuni
976 1896 1130 1982 (collegam
1153 1896 1248 1984 fabio)
1274 1925 1364 1981 prae·

189 2010 297 2049 nomen
319 1992 364 2052 M.
388 1993 606 2052 restituendum
630 1997 676 2053 est
698 1998 788 2070 atque
813 1994 850 2052 M.
875 1993 987 2052 Fabius
1011 1993 1169 2052 manifeste
1193 1996 1368 2070 appellatur

190 2081 334 2156 collega
357 2083 548 2158 etcousu13
575 2101 630 2142 nec
654 2083 830 2158 simpliciter
854 2085 1037 2142 commutato
1062 2083 1182 2142 nomina
1209 2084 1366 2144 consulum

190 2173 273 2242 sunt,
307 2170 357 2229 sed
386 2174 486 2246 partes
515 2171 634 2231 omnino
661 2171 812 2245 inuersae,
846 2173 925 2250 quod
953 2170 1094 2231 facillime
1123 2190 1158 2230 ex
1185 2173 1240 2231 hoc
1266 2173 1366 2234 indice

190 2261 397 2336 cognoscetur:

274 2341 303 2427 1)
322 2347 519 2424 Dionysius
539 2353 569 2408 et
587 2349 729 2409 Liuius:
759 2348 810 2409 On.
830 2349 957 2408 Manlius
984 2351 1085 2409 consul
1111 2349 1247 2408 dextrum
1271 2368 1363 2409 cornu

322 2437 411 2496 ducit.
433 2469 472 2480 -
492 2438 531 2499 M.
546 2439 656 2498 Fabius
676 2439 778 2498 consul
798 2438 912 2498 mediae
931 2439 1005 2498 aciei
1023 2441 1151 2514 praeest,
1172 2437 1224 2497 sed
1243 2438 1275 2496 in
1294 2439 1364 2497 sini-

322 2529 418 2584 strum
442 2546 545 2613 cornu,
569 2528 705 2603 quon.
725 2528 836 2586 Fabius
860 2527 954 2604 ducit,
981 2527 1032 2588 ubi
1055 2527 1080 2587 is
1104 2529 1280 2586 uulneratus
1305 2533 1363 2603 est,

322 2615 483 2676 transiluit.

322 2704 445 2764 Front
419 2707 529 2764 tinus:
562 2703 614 2764 (ln.
637 2705 767 2765 Manlius
797 2707 899 2765 consul
924 2706 1061 2764 dextrum
1087 2723 1176 2765 cornu
1205 2705 1295 2766 ducit.
1320 2737 1364 2748 -
1460 2723 1469 2794 1

321 2793 360 2851 M.
380 2793 490 2853 Fabius
510 2796 613 2854 consul
633 2794 788 2854 sinistrum
807 2813 898 2854 cornu
918 2795 1007 2856 ducit.

258 2874 303 2963 ΙΙ)
323 2882 570 2959 Dionysiuset
588 2883 724 2943 Liuius:
752 2882 804 2943 Cn.
824 2885 953 2944 Manlius
973 2883 1106 2944 consul
1098 2903 1129 2941 m
1148 2883 1252 2943 dextro
1271 2902 1365 2942 cornu

321 2973 504 3031 uulneratnr.

324 3061 534 3121 Frontinus:
559 3062 597 3121 M.
618 3062 727 3120 Fabius
751 3064 855 3122 consul
873 3063 906 3121 in
924 3063 1044 3123 sinistro
1065 3081 1155 3122 cornu
1177 3062 1365 3121 uulneratur.

245 3143 304 3230 111)
323 3150 521 3227 Dionysius
541 3154 571 3210 et
589 3150 731 3211 Liuius:
753 3152 790 3210 M.
806 3152 917 3211 Fabius
937 3153 1040 3212 consul
1055 3172 1073 3211 a
1089 3152 1209 3211 sinistro
1224 3169 1316 3209 cornu
1331 3151 1366 3210 in

322 3240 460 3298 dextrum
481 3241 636 3300 uulnerato
656 3241 790 3318 collegae
809 3242 964 3301 succurrit.

321 3328 531 3388 Frontinus.
551 3328 603 3390 On.
619 3331 748 3389 Manlius
762 3331 865 3390 consul
884 3350 903 3389 a
921 3331 1026 3390 dextro
1046 3349 1136 3390 cornu
1156 3329 1188 3388 in
1207 3329 1365 3389 sinistrum

320 3419 479 3478 uulnerato
498 3419 631 3496 collegae
651 3420 805 3480 succurrit.

276 3507 311 3566 Iu
327 3525 362 3566 eo
382 3509 460 3585 quod
478 3509 608 3584 primum
628 3509 755 3585 apposui
774 3508 934 3570 diuersitas
953 3509 1015 3568 fere
1033 3510 1117 3567 nulla
1131 3508 1218 3584 inest,
1238 3507 1308 3583 quia
1323 3509 1366 3567 M.

188 3597 314 3657 Fabium
333 3597 485 3657 consulem
504 3598 587 3673 prius
606 3597 637 3655 in
656 3598 754 3657 media
777 3599 839 3656 acie
859 3598 952 3658 fuisse
971 3617 1005 3657 ac
1028 3601 1134 3675 postea
1152 3595 1273 3655 demum
1293 3597 1367 3656 sini-

188 3690 284 3745 strum
303 3705 395 3746 cornu
413 3685 533 3746 duxisse
558 3687 702 3746 breuitati
722 3687 846 3746 studens
866 3687 1028 3746 Frontinus
1046 3688 1177 3746 fortasse
1195 3705 1366 3745 memorare

188 3777 292 3836 noluit.
329 3775 523 3851 Reliquorum
543 3776 701 3844 diuersitas
722 3794 781 3835 non
800 3776 906 3836 effecta
924 3777 1045 3835 uidetur
1062 3776 1121 3836 nisi
1141 3793 1254 3834 errore:
1273 3795 1366 3853 quem

188 3885 206 3924 a
224 3866 413 3924 commutatis
432 3863 549 3924 duobus
565 3864 664 3924 Fabiis
684 3865 850 3941 profectum
870 3883 934 3924 esse
954 3866 1111 3925 admodum
1131 3865 1287 3941 probabile
1306 3869 1366 3924 est.

189 3954 378 4015 Commiserit
406 3973 474 4012 eum
501 3954 566 4029 ipse
589 3954 751 4013 Frontinus
775 3973 814 4013 an
836 3955 875 4028 is,
903 3954 987 4013 cuius
1011 3955 1062 4014 ille
1086 3954 1179 4013 libros
1205 3955 1366 4032 excerpsit,

188 4063 296 4119 anceps
320 4044 436 4103 haereo.
475 4041 562 4101 Certe
586 4062 681 4119 neque
705 4063 723 4100 a
746 4044 888 4119 Dionysio
915 4062 1010 4119 neque
1035 4062 1053 4102 a
1075 4041 1162 4101 Liuio
1185 4043 1240 4101 hoc
1265 4062 1366 4100 exem-

187 4134 271 4210 plum
294 4133 416 4208 pendet:
454 4133 501 4190 hic
525 4131 603 4190 enim
627 4128 742 4210 (2,47‚
764 4135 847 4190 1-3
875 4135 906 4190 iu
925 4151 1013 4191 cornu
1032 4133 1191 4191 altero..
1207 4125 1229 4208 .)
1256 4151 1367 4207 parum

188 4223 327 4281 distincte
347 4240 458 4282 cornua
476 4220 639 4298 significat,
656 4222 709 4280 ille
728 4221 939 4297 strategema'
931 4240 1030 4298 rpsum
1050 4212 1218 4302 (clamitans
1237 4223 1365 4280 1110111-

186 4331 256 4387 μανι
271 4313 371 4370 uiuere
390 4315 416 4369 ct
433 4329 463 4369 sc
481 4312 579 4370 destro
598 4328 687 4369 cornu
705 4303 822 4390 uicisse)
846 4330 918 4386 pree
920 4311 1068 4371 termittit.
1048 4309 1154 4369 tAd
1177 4310 1257 4368 idern
1275 4329 1366 4384 proe-

187 4401 260 4459 lium
289 4401 467 4476 eosdemque
495 4401 631 4460 consules
656 4400 808 4475 pertinent
836 4401 971 4475 exempla
1001 4403 1027 4475 1,
1050 4402 1104 4477 11,
1126 4403 1201 4458 let
1188 4403 1258 4474 12
1279 4400 1309 4470 6,
1329 4403 1367 4459 7:
