2948 5086
173 181 238 247 352
561 179 732 236 Gottholdus
751 180 964 236 Gundermann:

176 353 339 412 Marcellus
367 356 397 412 et
422 371 439 412 a
458 350 709 412 Pseudoirontino
729 351 852 428 4,1,44
872 352 901 408 61
925 351 963 409 ab
982 349 1127 426 llutmpio
1144 351 1172 428 3,
1190 350 1239 426 14,
1254 352 1282 428 3,
1304 350 1367 409 ubi

176 442 281 502 eodem
306 459 383 501 anno
404 434 482 521 (212
503 433 628 519 610111.)
647 459 695 499 res
714 442 818 516 gestae
837 439 1089 517 perstringuntur,
1109 439 1234 499 consul
1252 441 1363 516 appel·
1468 437 1469 448 ¹

177 533 267 591 latur.
287 561 330 574 -
350 530 449 589 Aliter
467 549 516 590 res
536 549 567 588 se
586 529 678 588 habet
696 529 729 587 in
749 529 883 606 exemplo
903 529 977 605 4,5,
994 531 1047 588 16:
1072 530 1112 590 Po
1125 527 1265 597 Crassus,
1290 549 1364 589 cum

179 622 284 682 beilum
302 621 445 682 aduersus
463 619 663 680 Aristonicum
680 621 712 678 iu
730 615 807 678 Asia
823 635 925 694 perena
1005 621 1038 678 in
1056 619 1177 678 bostium
1195 621 1293 692 copias
1314 622 1364 678 in-

181 698 296 772 cidisset
313 712 453 784 uiuosque
471 711 668 776 abduceretur,
695 713 857 768 racematus
874 711 906 767 in
924 709 1063 770 consule
1081 709 1215 768 Romano
1233 711 1364 782 captiui-

184 805 271 860 tatem
291 842 369 859 .....
389 801 640 860 transuerberutus
654 799 773 858 dedecus
788 799 934 858 seruitutis
1005 798 1110 874 effugiit.
1138 797 1216 856 Nam
1231 796 1263 858 P.
1276 797 1362 857 Lici-

184 891 254 949 nias
275 887 400 950 Crassus
421 889 576 948 Mucianus
600 888 787 948 consulatum
809 887 934 964 gerebat
959 889 1019 946 131
1041 906 1066 947 a.
1087 885 1164 964 Chr,
1187 905 1245 963 quo
1268 906 1364 965 anno,

182 979 285 1040 consul
313 982 345 1039 et
374 976 509 1055 pontifex
536 977 694 1049 maximus,
723 977 754 1034 in
782 977 855 1036 Asia
882 977 985 1035 contra
1010 976 1212 1036 Aristonicum
1240 996 1362 1052 pugna-

183 1070 236 1128 uit.
280 1067 408 1144 Captum
437 1068 474 1127 ab
502 1067 639 1126 hostibus
668 1067 855 1142 occisumque
883 1085 951 1124 eum
979 1084 1044 1126 essa
1070 1069 1139 1141 post
1167 1067 1363 1126 consulatum

179 1152 259 1238 (130
278 1176 303 1216 a.
324 1149 439 1237 (lhr.)¹)
469 1156 593 1216 tradunt
615 1154 749 1215 Velleius
773 1149 817 1235 (2,
837 1157 904 1229 4,1
930 1173 995 1214 cum
1017 1157 1099 1215 initio
1123 1156 1188 1215 beili
1212 1153 1360 1216 Crassum

180 1247 356 1307 Mucianum
469 1245 644 1306 decedentem
672 1263 705 1306 ea
727 1243 803 1306 Asia
825 1246 1070 1320 proconsulem
1096 1237 1294 1325 interemisset)
1327 1251 1362 1306 et

180 1337 287 1396 Florus
306 1327 351 1415 (2,
367 1337 417 1413 20,
433 1338 452 1395 4
474 1333 576 1395 Crassi
594 1353 702 1409 quoqne
714 1337 897 1409 praetoris
916 1336 1015 1394 cecidit
1033 1337 1189 1395 causitum
1204 1338 1361 1409 ipsumque

181 1416 275 1507 cepit).
314 1423 426 1485 Contra
449 1443 526 1484 anno
551 1427 612 1485 131
639 1444 664 1484 a.
680 1423 761 1498 Chr,
790 1423 946 1484 consulatu
969 1423 1064 1501 igitur
1085 1424 1216 1484 nondum
1241 1427 1358 1504 exacto,

179 1516 393 1592 interemptum
414 1534 481 1574 eum
500 1515 630 1574 testatur
648 1514 782 1574 Iustinus
801 1505 867 1593 (36,
879 1515 908 1590 4,
920 1515 1006 1572 7-8
1020 1511 1097 1574 Asia
1114 1515 1230 1574 Licinia
1247 1512 1359 1574 Crasso

177 1606 287 1665 consuti
309 1606 483 1672 decernitur,
508 1607 557 1678 qui
581 1648 676 1664 ......
700 1622 765 1664 cum
788 1608 935 1663 eatremo
961 1606 1048 1664 anni
1070 1607 1221 1678 tempore
1241 1605 1357 1664 inordi-

177 1699 250 1755 nata
273 1695 335 1754 acie
356 1694 503 1768 praetium
530 1696 730 1761 conseruisset,
756 1695 851 1753 uictus
874 1708 984 1766 poenas
1006 1695 1182 1754 immsuttae
1208 1695 1358 1753 auaritiae

177 1785 319 1860 sanquine
338 1776 436 1863 dedit).
478 1782 564 1843 Hanc
583 1781 676 1858 igitur
694 1782 867 1842 memoriam
890 1783 1102 1860 potiusquam
1125 1783 1208 1842 illam
1232 1785 1355 1842 secutus

179 1891 244 1934 asse
264 1871 531 1933 Pseudoirontinus
552 1871 677 1931 uidetur.

265 1963 301 2021 In
321 1962 455 2038 exemplo
475 1964 509 2038 4,
531 1965 562 2039 1,
583 1963 625 2021 38
654 1954 709 2043 (111
733 1963 881 2036 tepionem,
906 1979 979 2035 quae
997 1962 1120 2037 Rectum
1143 1963 1280 2037 oppidum
1297 1964 1355 2022 in-

177 2056 280 2115 iussu
298 2052 380 2112 ducis
399 2046 661 2131 dir<ip>uerat‚
688 2053 926 2111 animaduersum
944 2045 1003 2131 est)
1020 2051 1096 2110 illud
1115 2053 1276 2126 diripuerat
1297 2071 1355 2128 pro

179 2144 324 2209 diruerat,
352 2140 431 2216 quod
458 2140 489 2200 in
517 2140 667 2201 codicibus
696 2143 754 2219 est,
786 2140 959 2200 felicissima
987 2141 1156 2200 coniectura
1184 2139 1355 2200 Casauboni

179 2231 369 2292 emendatum
395 2249 461 2290 esse
482 2230 614 2289 omnium
639 2230 690 2306 qui
713 2231 789 2289 lianc
808 2248 872 2288 rem
891 2230 1014 2289 tradunt
1033 2231 1189 2290 auctorum
1208 2249 1355 2290 consensu

178 2320 372 2380 confirmatur
396 2311 446 2399 (cf.
471 2319 576 2396 Polyb.
599 2322 625 2392 1,
647 2322 675 2396 V,
696 2322 812 2379 6-13.
846 2319 968 2396 Dionys.
988 2322 1039 2398 20,
1063 2322 1161 2379 4-5.
1193 2319 1257 2378 11111.
1282 2319 1356 2395 epit.

181 2411 230 2472 12.
249 2410 305 2468 15Ιλ
326 2408 391 2468 Liu.
408 2410 459 2483 28,
475 2411 525 2468 28.
558 2408 624 2468 Val.
640 2408 716 2468 Max.
733 2411 761 2485 2,
778 2413 805 2482 7,
823 2409 872 2468 15.
906 2406 990 2468 Oros.
1006 2411 1035 2483 4,
1052 2411 1080 2487 3,
1096 2411 1191 2470 3-5.
1224 2409 1355 2486 Appian.

180 2491 340 2579 Samnii).
374 2498 432 2557 Sed
448 2498 609 2576 quaertur,
630 2500 732 2556 utrum
745 2501 860 2558 iniussu
879 2517 946 2556 cum
965 2499 1114 2558 codicibus
1131 2498 1199 2558 oH
1213 2518 1250 2557 an
1270 2501 1356 2558 iussu

179 2608 246 2649 cum
269 2589 368 2648 codice
392 2588 420 2645 P
439 2587 601 2664 legendum
625 2587 672 2646 sit.
712 2586 812 2662 Atque
835 2587 957 2646 Decium
978 2587 1139 2647 Vibellium
1166 2589 1354 2664 praefectum

179 2678 250 2756 quia
274 2696 375 2737 omnes
398 2676 535 2736 referunt
553 2697 618 2736 cum
639 2676 783 2736 militibus
803 2676 1000 2751 conspirasse,
1024 2680 1107 2737 iussu
1125 2679 1207 2738 ducis
1229 2677 1266 2736 ad
1289 2696 1355 2735 rem
1468 2737 1469 2760 ,

179 2767 265 2827 unies
288 2766 411 2826 uidetur
434 2766 601 2825 conuenire.
643 2765 778 2825 Praetuli
801 2768 902 2824 tamen
924 2768 1039 2826 iniussu
1061 2786 1121 2827 non
1147 2767 1184 2828 ob
1210 2766 1355 2825 maiorem

179 2856 267 2916 modo
293 2855 428 2915 codicum
456 2854 524 2914 GH
547 2855 770 2930 auctoritatem,
800 2856 851 2913 sed
877 2854 957 2931 ideo,
986 2857 1078 2931 quod,
1106 2857 1131 2915 si
1156 2859 1238 2916 iussu
1260 2857 1356 2931 legas,

179 2946 288 3004 mirum
312 2944 485 3020 disciplinas
509 2945 670 3004 consilium¹
689 2945 744 3004 hoc
764 2945 898 3021 exemplo
923 2946 1140 3021 comprobetur.
1178 2945 1281 3003 Puniri
1299 2945 1356 3002 mi-

179 3036 248 3094 lites
278 3034 386 3110 solent,
416 3032 441 3092 si
464 3033 589 3108 imperio
613 3033 695 3092 ducis
719 3053 778 3093 nun
808 3037 987 3108 paruerunt;
1016 3034 1041 3092 si
1064 3034 1135 3109 quid
1158 3035 1243 3093 iussu
1270 3033 1357 3092 ducis

179 3123 290 3183 iniuste
307 3123 448 3195 fecerunt,
468 3141 578 3197 poenas
594 3123 664 3181 dare
680 3122 793 3198 ducem,
811 3141 871 3182 nun
885 3123 995 3182 milites
1010 3138 1137 3199 acquum
1152 3126 1205 3182 est.
1229 3122 1359 3183 Accedit

180 3213 259 3290 quod
278 3213 310 3270 in
329 3211 471 3286 exemplis
491 3229 567 3287 quae
586 3215 751 3288 sequuntur
767 3213 871 3271 eadem
890 3211 1046 3288 disciplina
1064 3212 1203 3272 militaris
1222 3211 1359 3271 cernitur

181 3295 224 3381 (4,
237 3305 264 3379 l,
277 3304 317 3361 39
329 3302 404 3374 quod
418 3303 606 3361 aduersum
620 3303 771 3360 edictum
785 3303 846 3360 eius
860 3304 994 3374 quamuis
1003 3319 1143 3375 prospere
1150 3306 1358 3375 pupnauerat;

181 3394 214 3468 4,
236 3393 263 3465 1,
285 3391 326 3449 40
350 3391 425 3463 quod
451 3392 478 3450 is
505 3395 628 3451 contra
657 3392 806 3450 edictum
831 3393 928 3464 patris
955 3408 1020 3448 cum
1046 3391 1123 3450 toste
1145 3382 1358 3469 pupnauerat).

182 3479 294 3539 Contra
308 3479 510 3539 narrationem
524 3499 595 3540 uero
611 3483 778 3539 ceterorum
792 3481 948 3538 auctorum
964 3479 1059 3539 uerba
1072 3482 1187 3539 iniussu
1201 3482 1282 3539 ducis
1296 3499 1359 3539 non

181 3571 329 3645 pugnant,
355 3569 380 3627 si
400 3568 467 3627 dux
484 3587 545 3628 non
563 3568 673 3628 Decius
688 3567 836 3628 Vibellius
855 3569 1039 3643 praefectus,
1063 3568 1115 3628 sed
1134 3569 1269 3644 superior
1288 3570 1359 3646 dux,

182 3651 265 3716 cuius
284 3658 336 3716 ille
354 3657 479 3732 imperio
498 3658 529 3716 in
548 3658 731 3734 praesidium
745 3658 928 3734 Reginorum
943 3658 1051 3718 missus
1071 3661 1145 3730 erat,
1159 3659 1358 3734 intellegitur.

244 3809 246 3813 ,
269 3747 305 3804 In
324 3747 458 3823 exemplo
479 3749 508 3824 4,
523 3749 551 3820 3,
568 3750 601 3807 6:
625 3747 849 3821 Epaminondas
868 3749 926 3808 dua
948 3747 1149 3807 dbebanorum
1171 3751 1269 3808 tantae
1291 3749 1360 3805 abs-

181 3837 317 3896 tinmtiae
339 3838 409 3909 fuit,
432 3841 465 3895 ut
482 3839 514 3896 in
532 3838 719 3911 suppellectili
737 3838 798 3896 eins
817 3842 937 3912 praeter
961 3841 1086 3896 stoream
1103 3841 1130 3895 ct
1146 3839 1264 3896 unicum
1282 3854 1360 3894 ueru

181 3926 254 3986 nibil
267 3927 456 3992 inumirctur,
476 3945 535 4001 qua
554 3925 771 4002 significatione
789 3943 877 3985 ucru
895 3925 1098 4000 accipiendum
1118 3926 1166 4001 sit,
1186 3926 1360 3984 dubitatur:

183 4033 270 4091 ueru,
295 4033 353 4090 quo
372 4033 475 4074 carnes
495 4019 643 4089 assantur,
667 4015 695 4074 si
712 4015 907 4094 intellegitur,
933 4016 1009 4074 mira
1027 4016 1186 4073 admodum
1206 4018 1252 4074 cst
1269 4017 1361 4074 tanta

183 4104 250 4163 laus
264 4103 477 4180 continentias,
496 4104 592 4163 telum
611 4109 712 4164 autern
731 4104 762 4163 id
779 4104 972 4179 interpretari
990 4103 1149 4164 ridiculum
1164 4107 1218 4177 est,
1238 4123 1305 4162 cum
1319 4123 1360 4162 ne

181 4193 300 4268 gladius
312 4192 429 4268 quidem
439 4193 663 4269 Epaminondae
674 4194 788 4252 scilicet
802 4193 942 4252 defuerit.
963 4193 1057 4252 Immo
1072 4213 1250 4252 nummum
1265 4193 1360 4269 signi-

274 4337 749 4449 Adfflmmbdfflm
