2948 5086
194 1107 416 1185 strategemata
441 1127 460 1166 a
484 1107 628 1168 Frontino
647 1108 788 1186 collecta,
815 1127 884 1168 cum
909 1107 949 1169 sit
971 1104 1051 1168 haud
1075 1108 1183 1184 exigua
1206 1125 1276 1184 pars

104 1219 208 1258 eorum
226 1200 336 1257 hausta
354 1217 391 1257 ex
408 1197 494 1257 libris
519 1197 699 1274 scriptorum
717 1216 795 1256 nunc
813 1197 929 1257 mutilis
948 1201 1002 1257 aut
1020 1197 1194 1274 deperditis,
1218 1216 1277 1256 nou

104 1288 197 1348 semel
220 1287 475 1364 exoptatissimam
497 1287 596 1346 lucem
618 1287 726 1347 afferre
749 1288 867 1348 constat
898 1287 1086 1347 illustrandis
1110 1287 1152 1346 eis
1177 1287 1277 1363 rebus,

103 1397 232 1453 quarum
259 1377 402 1436 memoria
429 1377 588 1453 iniquitate
616 1378 785 1453 temporum
812 1394 908 1452 paene
939 1378 1047 1438 obruta
1075 1377 1130 1436 est
1175 1375 1277 1452 Atque

102 1467 176 1526 haec
194 1465 366 1525 testimonia
384 1466 521 1542 quamuis
541 1465 600 1524 uiri
623 1466 702 1526 docti
728 1465 960 1542 haudquaquam
977 1465 1164 1541 neglexerint
1182 1464 1275 1524 edito-

102 1575 210 1632 resque
229 1555 319 1614 huius
340 1555 439 1630 operis
459 1555 597 1631 quamuis
616 1554 786 1614 exstiterint
804 1555 878 1614 satis
896 1547 1034 1635 mullil),
1054 1573 1156 1616 omnes
1173 1557 1277 1613 tamen

102 1645 234 1705 auctoris
259 1644 353 1703 uerba
375 1665 394 1703 a
419 1644 593 1704 mendorum
616 1644 752 1704 sordibus
780 1663 912 1720 purgare
936 1644 1011 1704 satis
1035 1645 1219 1703 habuerunt:
1245 1644 1276 1702 id

102 1735 182 1812 quod
201 1733 351 1793 difficilius
371 1735 416 1792 est
433 1734 588 1810 multoque
606 1733 740 1811 grauius,
760 1733 906 1810 originem
925 1733 1131 1809 exemplorum
1148 1752 1275 1809 perpen-

102 1824 181 1898 dere,
192 1821 415 1899 dispositionem
425 1823 591 1899 explorare,
607 1822 809 1882 condIeionem
823 1823 995 1882 uniuersam
1005 1823 1174 1882 describere
1188 1841 1275 1882 nemo

103 1914 284 1988 susceperat.
325 1910 445 1970 Primus
469 1931 533 1971 rem
558 1911 719 1990 adgressus
746 1909 868 1971 Ourtius
896 1903 1127 1990 Wachsmuth²)
1154 1914 1188 1970 ut
1213 1914 1276 1970 tres

101 2002 194 2062 libros
214 2000 329 2077 priores
352 2019 370 2059 a
394 2001 559 2076 suspicione
570 1992 596 2079 ³)
620 2001 796 2076 uindicauit,
819 2001 863 2060 ita
883 2004 1025 2077 quartum
1048 2000 1159 2060 librum
1178 2019 1238 2060 non
1258 2019 1276 2058 a

102 2090 247 2154 Frontino
271 2089 414 2165 scriptum
436 2089 647 2166 prioribusque
669 2091 766 2148 multa
788 2089 903 2149 Inserta
932 2108 997 2150 esse
1022 2090 1157 2166 exempla
1179 2089 1276 2149 aliena

102 2179 273 2239 acutissime
296 2179 448 2254 perspexit
480 2182 570 2254 atque
594 2178 770 2255 planissime
802 2179 1028 2238 demonstrauit.
1077 2178 1162 2238 Idem
1188 2179 1275 2238 nouis

102 2268 202 2328 allatis
221 2267 406 2344 argumentis
425 2267 615 2327 confirmauit
635 2268 795 2327 Eduardus
814 2259 1018 2348 Woelfflin⁴)‚
1042 2287 1122 2343 cum,
1147 2287 1206 2345 qua
1230 2270 1277 2327 est

103 2358 286 2431 subtilitate,
305 2375 464 2433 compages
488 2356 582 2417 totius
607 2357 705 2433 operis
728 2360 954 2433 perscrutatus,
972 2357 1052 2417 inter
1070 2357 1207 2433 exempla
1225 2375 1275 2432 ge·

101 2447 194 2505 nuina
213 2449 243 2505 et
261 2446 358 2505 aliena
377 2465 454 2522 quae
471 2446 689 2505 intercederent
708 2446 893 2522 discrimina,
912 2446 1033 2523 egregie
1052 2446 1180 2507 doceret.
1216 2445 1275 2506 Ho-

102 2555 170 2594 rum
192 2535 286 2614 igibur
310 2535 418 2594 studiis
432 2537 482 2594 uel
504 2535 632 2594 maxime
655 2535 806 2610 debemus,
829 2535 910 2612 quod
931 2538 1167 2613 strategematon
1182 2535 1275 2596 libros

102 2624 197 2684 oculis
210 2644 290 2684 nunc
303 2623 431 2700 legimus
446 2627 599 2702 tamquam
613 2625 786 2688 acrioribus.
820 2625 879 2684 Sed
893 2624 1056 2684 editionem
1069 2644 1146 2701 quae
1164 2644 1275 2701 nuper-

102 2715 178 2773 rime
192 2713 304 2789 prodiit
318 2732 384 2772 cum
399 2733 536 2772 curarem
554 2713 652 2773 facere
667 2733 725 2773 non
744 2714 841 2790 potui,
860 2714 932 2790 quin
946 2714 1126 2790 quibusdam
1140 2715 1171 2773 in
1185 2716 1275 2774 rebus

102 2803 141 2862 ab
159 2802 279 2862 illorum
297 2801 406 2874 iudicio
425 2801 627 2862 dissentirem:
646 2803 724 2878 quod
743 2821 796 2860 cur
810 2803 931 2862 fecerim
946 2821 1081 2880 quaeque
1099 2822 1147 2863 res
1166 2806 1275 2863 retrae-

101 2892 211 2952 tandae
230 2891 304 2950 mihi
322 2891 406 2951 uisae
425 2891 494 2970 sint,
511 2891 558 2951 his
578 2891 725 2951 institutis
745 2891 968 2967 quaestionibus
988 2911 1141 2968 exponam.

193 3100 220 3166 1)
239 3095 273 3151 cf,
292 3097 376 3151 iudex
403 3094 558 3151 editionum
582 3097 612 3151 iu
637 3097 679 3152 ed.
706 3096 857 3166 Bipontina
882 3100 975 3166 (1788)
999 3116 1026 3168 p.
1050 3097 1273 3167 Xhlx-LXIII,

101 3167 203 3238 quibus
222 3168 360 3223 accedunt
377 3167 406 3222 in
423 3166 521 3236 primis
535 3167 867 3239 editi00udendorpiana
885 3170 974 3225 altera
989 3171 1089 3240 (17⁷9),
1109 3170 1272 3240 Wiegman-

101 3241 186 3295 niana
204 3241 309 3308 (1798),
329 3237 532 3294 DederIchiana
550 3241 651 3310 (1855).

191 3312 218 3378 2)
236 3309 336 3365 Rhein.
356 3309 482 3364 Museum
501 3309 553 3364 XV
572 3313 663 3380 (1860)
683 3317 833 3368 aas-583.

191 3383 219 3450 3)
238 3382 272 3436 cf.
293 3382 326 3435 H.
345 3381 471 3451 Koechly
499 3382 555 3436 und
582 3381 627 3438 W.
646 3381 795 3451 Ruestow‚
827 3382 927 3438 Gesch.
953 3384 1001 3439 des
1029 3383 1133 3454 griech.
1161 3383 1273 3452 Kriegs-

101 3469 255 3579 iIvRequnstg
272 3452 372 3508 XVIII.
409 3451 519 3509 Griech.
538 3452 836 3523 Kriegsschriltstellar
849 3454 874 3509 Il
893 3461 1007 3510 98-99.
1045 3454 1076 3511 G.
1096 3454 1269 3524 Bernhardy,

192 3597 219 3664 4)
239 3596 354 3650 Hermes
373 3595 411 3648 IX
430 3598 522 3666 (1875)
543 3601 655 3651 78--92,

156 4515 236 4557 Jahrb.
251 4517 266 4556 I.
281 4516 348 4556 class.
366 4515 447 4555 Philol.
473 4516 551 4564 Suppl.
567 4516 608 4555 Rd.
625 4517 685 4556 XVI,
