2948 5086
305 241 487 308 Quaestiones
506 244 541 298 de
560 241 615 297 Iuli
632 242 1001 313 Frontini'strategematon
1019 242 1107 296 libris.
1229 239 1292 304 327

541 417 567 487 1,
589 413 678 485 5,15
713 413 915 488 =4,5,10

539 503 677 574 1,11,3
711 504 909 576 =4,5,11

540 591 891 666 1,10,1=4,7,6

540 681 569 750 4,
591 681 617 753 7,
637 681 679 737 40
713 681 852 754 --2,4,
875 678 913 735 15

540 770 569 842 4,
590 769 678 840 7,41
714 769 853 842 =2,4,
876 768 934 826 16.

176 910 179 915 .
212 857 287 914 Rem
300 847 559 936 Oudendorpius¹)
575 855 618 914 ita
633 855 800 932 explicabit,
818 858 853 914 ut
867 853 1008 913 memoria
1022 854 1178 929 deceptum
1193 856 1293 913 aucto·

123 965 188 1004 rem
208 946 310 1003 eadem
335 946 470 1019 exempla
488 945 534 1004 bis
552 945 714 1004 inseruisse
733 945 853 1003 diceret.
898 942 983 1013 Quod
1009 945 1111 1002 tamen
1129 962 1224 1018 neque
1242 962 1296 1018 per

124 1055 156 1093 se
180 1035 327 1109 probatur
351 1038 381 1092 et
403 1033 513 1092 iniuria
536 1033 680 1093 Frontino
705 1033 876 1110 exprobrari
898 1032 1091 1091 manifestum
1117 1035 1171 1091 est.
1218 1032 1296 1090 Nam

120 1125 244 1198 excepto
264 1142 323 1182 uno
342 1123 476 1198 exemplo
496 1115 540 1203 (1,
561 1124 589 1196 5,
612 1125 650 1182 13
671 1146 713 1170 ==
736 1128 762 1199 1,
784 1125 811 1198 1,
833 1113 888 1202 11)
908 1121 1007 1180 omnia
1024 1121 1134 1180 iterum
1152 1122 1295 1197 leguntur

119 1212 152 1270 in
171 1212 248 1270 libro
260 1200 387 1288 'quartoz
411 1231 499 1288 quam
519 1231 586 1271 cum
605 1231 663 1270 uon
683 1231 701 1271 a
719 1211 861 1270 Frontino
886 1211 1031 1286 seriptum
1051 1229 1115 1269 esse
1135 1213 1215 1269 certo
1235 1229 1294 1268 cer-

119 1300 182 1360 tius
202 1301 251 1374 sit,
271 1301 419 1378 sequitur,
439 1305 473 1360 ut
491 1302 620 1382 repetita
639 1301 699 1360 sint
717 1303 771 1360 aut
790 1319 807 1359 a
825 1299 1076 1359 Pseudofrontiuo
1096 1303 1149 1358 aut
1168 1319 1186 1357 a
1204 1298 1293 1357 libra·

119 1389 183 1449 riis.
224 1388 325 1466 Atque
344 1390 482 1449 librarios
500 1389 531 1448 id
548 1390 654 1450 facisse
670 1390 838 1466 suspicatur
849 1379 1074 1466 Woelfflinus2)
1094 1387 1132 1446 ab
1152 1387 1295 1464 exemplis

119 1479 273 1554 profectus
294 1482 326 1552 2,
346 1481 382 1557 4,
404 1481 453 1540 15.
475 1482 514 1539 16
535 1504 577 1526 =
597 1481 632 1554 4,
653 1483 689 1556 7,
709 1481 760 1538 40.
781 1481 841 1554 41,
869 1496 944 1553 quae
963 1477 1027 1536 iure
1046 1476 1295 1536 Pseudofrontino

121 1559 296 1648 uindicat.³)
333 1569 424 1627 Errat
442 1569 562 1644 quidem
580 1569 611 1625 in
630 1587 673 1644 eo,
693 1568 771 1644 quod
793 1571 820 1644 2,
840 1569 869 1643 4,
891 1567 930 1626 15
950 1566 1027 1625 illud
1047 1571 1073 1626 'et
1089 1569 1131 1626 sic
1149 1585 1215 1625 eum
1235 1585 1295 1625 ser·

120 1676 210 1717 mona
228 1657 398 1733 conspirare
417 1657 489 1716 dicit
508 1657 599 1716 solius
618 1657 862 1717 Pseudofrontini
882 1647 962 1738 (coll.
982 1657 1011 1733 4,
1033 1658 1068 1729 7,
1088 1657 1139 1716 24.
1159 1657 1210 1714 32.
1229 1647 1295 1736 40),

121 1765 184 1805 non
203 1746 340 1805 Frontini
360 1766 506 1806 summam
525 1747 653 1822 exempli
672 1747 807 1806 facientis
827 1746 926 1805 uerbis
947 1749 1031 1818 alque
1048 1747 1106 1804 itu:
1128 1763 1197 1803 nam
1216 1745 1296 1820 apud

123 1836 204 1894 hune
223 1855 340 1912 quoque
354 1836 467 1912 legitur
486 1855 520 1895 uc
538 1839 580 1896 ste
600 1839 628 1912 1,
645 1840 696 1913 11,
711 1838 740 1912 8,
759 1839 801 1895 sie
821 1838 848 1910 1,
863 1837 898 1913 8,
919 1836 947 1910 8,
966 1837 1008 1893 sic
1028 1837 1056 1910 2,
1077 1835 1105 1909 5,
1126 1837 1176 1894 31.
1205 1833 1296 1893 Recte

122 1944 196 1983 uero
216 1925 430 1984 animaduertit
456 1927 487 1983 at
506 1915 688 1984 structuram
708 1924 835 2000 exempli
854 1927 887 1996 2,
907 1925 940 1996 4,
962 1925 1002 1983 15
1023 1941 1041 1981 a
1060 1942 1141 1982 more
1160 1923 1295 1982 Frontiui

122 2014 285 2073 abhorrere
314 2017 345 2072 at
368 2013 593 2088 dispositionem
618 2014 723 2090 eapitis
756 2033 790 2073 eo
809 2003 967 2091 turbari.4)
1018 2011 1093 2070 Cum
1121 2013 1176 2071 boc
1205 2012 1295 2071 etiam

122 2103 292 2178 exemplum
325 2106 362 2179 2,
377 2105 419 2177 -4,
441 2105 481 2162 16
507 2103 561 2162 eici
589 2107 821 2162 consent-aueum
848 2104 902 2160 111.
940 2100 1021 2171 Quae
1040 2102 1099 2161 duo
1124 2101 1296 2176 exemplaa

121 2193 247 2251 librario
266 2192 375 2268 petiae,
394 2192 523 2251 fortasse
543 2193 580 2250 ab
600 2193 713 2268 eodem,
732 2192 783 2268 qui
802 2191 970 2267 exemplum
991 2193 1023 2264 2,
1044 2191 1078 2268 4,
1100 2193 1140 2248 14
1158 2190 1294 2264 inseruit,

124 2273 176 2362 (ef.
194 2281 274 2339 iufra
292 2302 321 2356 p.
341 2282 402 2340 331
417 2271 474 2360 sq.)
501 2301 588 2358 quam
608 2301 626 2340 a
645 2281 895 2341 Pseudofrontino
923 2281 1052 2355 repetita
1070 2298 1148 2357 esse,
1172 2298 1232 2339 non
1251 2283 1298 2339 est

122 2389 176 2430 eur
194 2373 329 2446 negetur.

214 2458 325 2519 Contra
343 2460 473 2536 quinqua
488 2459 623 2534 exempla
641 2458 729 2534 primi
748 2459 818 2520 libri
838 2452 882 2540 (1,
897 2462 926 2534 5,
944 2460 992 2518 12.
1014 2451 1131 2518 1415.
1158 2461 1184 2532 1,
1202 2460 1253 2536 11,
1268 2461 1297 2519 3.

126 2551 155 2624 1,
172 2550 222 2626 10,
239 2540 281 2628 1),
301 2567 376 2625 quae
394 2549 504 2608 iterum
523 2549 667 2625 leguntur
683 2548 716 2606 111
734 2552 841 2625 quarto
861 2539 906 2630 (4,
918 2549 947 2626 5,
958 2550 987 2607 8.
999 2550 1027 2609 9.
1044 2549 1156 2608 10.11.
1181 2550 1210 2626 4,
1222 2550 1251 2626 7,
1262 2541 1296 2628 6)

125 2656 261 2713 quaeque
289 2638 468 2697 uindicanda
496 2640 566 2697 sunt
585 2631 774 2717 Frontiu05),
802 2635 1090 2696 aPseudofrontino
1115 2638 1298 2713 transcripta
1367 2655 1370 2664 ’

15 2727 18 2760 ”
123 2727 201 2784 milri
219 2727 368 2786 uidentur.
405 2727 535 2788 Librarii
555 2726 633 2786 enim
653 2726 677 2785 si
697 2727 728 2785 id
746 2726 900 2804 fecissent,
923 2726 1032 2785 mirum
1055 2727 1188 2802 prolecto
1208 2729 1297 2800 esset,

124 2815 205 2891 quod
224 2815 255 2873 in
274 2819 380 2891 quarto
399 2818 517 2875 tantum
536 2817 614 2875 libro
633 2817 786 2892 complura
805 2815 941 2892 exempla
958 2815 1153 2892 repetissent,
1170 2816 1203 2874 in
1221 2815 1298 2893 prio-

125 2904 209 2964 ribus
227 2923 287 2964 nou
305 2905 387 2979 item,
406 2925 473 2964 eum
492 2908 613 2981 praeter
631 2905 691 2964 alia
709 2907 846 2982 exempla
865 2908 894 2979 2,
914 2908 942 2982 9,
963 2906 1047 2964 3-5
1067 2905 1238 2980 potuissent
1256 2905 1297 2963 in-

125 3013 225 3052 serere
244 2994 320 3054 libro
340 2994 429 3060 tertio
449 2997 480 3054 et
499 2995 634 3069 exempla
654 2996 682 3072 1,
702 2997 736 3072 8,
757 2997 784 3054 6.
805 2998 823 3055 9
844 2997 914 3054 ante
936 2997 963 3073 1,
984 2998 1011 3069 1,
1033 2996 1082 3054 10.

215 3083 345 3158 Accedit,
364 3084 492 3160 quadiu
512 3102 627 3142 summo
647 3086 851 3160 exemplorum
870 3101 1016 3144 consensu
1034 3101 1094 3141 non
1113 3083 1222 3142 desunt
1240 3082 1296 3140 dif-

123 3171 269 3232 ferentiae
288 3174 434 3248 quaedam
452 3174 628 3232 uerborum:

126 3302 153 3374 1,
169 3297 198 3375 5,
215 3299 253 3356 12
282 3299 320 3358 ad
339 3297 559 3358 Hasdrubalem
739 3299 768 3374 4,
784 3300 812 3375 5,
829 3300 847 3357 8
898 3298 1022 3374 locoque
1045 3296 1146 3372 iniquo
1174 3296 1297 3355 eircum-

920 3389 1029 3446 uentus
1051 3386 1089 3445 ab
1108 3385 1298 3444 Hasdrubale

283 3477 418 3553 perrupit
898 3476 996 3550 erupit

127 3587 153 3658 1,
170 3583 198 3656 5,
216 3583 256 3642 14
284 3583 423 3642 tribunus
740 3586 769 3660 4,
784 3584 847 3658 5,9
899 3581 1038 3641 tribunus
1057 3582 1187 3640 militum

285 3671 422 3731 Cornelio
442 3671 533 3732 Cosso
553 3672 666 3731 consuli
899 3669 1036 3731 Cornelio
1054 3671 1168 3731 consuli

283 3764 459 3837 occupatum
897 3761 1101 3837 oauupandum

283 3852 348 3909 erat
365 3851 396 3910 111
415 3850 582 3926 propinquo
897 3850 927 3908 in
947 3850 1113 3926 propinquo
1132 3850 1197 3908 arat

282 3937 396 4000 dimisit
898 3939 998 3998 amisit
