2948 5086
299 235 481 301 Quaesticncs
500 236 534 290 dc
554 235 608 288 Iuli
626 233 754 290 Frontini
772 237 993 305 strategematon
1012 235 1099 290 libris.
1218 237 1283 300 339

100 407 283 481 pedibusque
299 405 387 464 nudis
402 451 407 464 .
423 447 431 463 .
446 449 453 463 .
471 423 619 481 quemque
637 405 681 464 ita
700 423 737 464 ex
751 405 887 466 Sallustii
905 405 1005 465 uerbis
1025 406 1103 465 male
1120 405 1283 466 intellectis

106 494 324 571 transcriptum
343 511 408 554 ease
427 493 549 554 Curtius
568 494 765 554 Wachsmuth
775 488 801 574 1)
821 493 999 572 suspicatur,
1018 494 1210 555 librariorum
1229 516 1281 572 po·

107 585 172 644 tius
191 603 281 660 opera
299 584 438 644 affectum
456 586 540 642 ratus
562 585 755 660 transpositis
779 584 895 644 duobus
918 584 1020 643 uerbis
1049 585 1091 644 sic
1117 586 1283 644 sanandum

107 693 176 734 csse
196 674 282 734 duco:
300 691 414 748 paucos
437 675 613 734 centuriones
638 691 703 733 cum
719 675 907 734 ueloussimis
924 673 1072 740 militibus,
1096 676 1199 747 quibus
1212 693 1281 749 per-

108 765 279 838 fectissimos
297 767 461 823 omentcres
478 765 674 831 immiscuerat,
697 765 776 823 misit
794 765 885 836 capue
901 764 1081 837 pedibusque
1098 765 1186 822 nudis
1206 806 1255 823 ...
1273 809 1279 823 .

107 853 214 928 Neque
233 853 311 912 enim
330 854 430 927 uerba,
448 852 494 911 uti
511 852 542 911 in
560 851 711 912 codicibus
731 852 875 912 collocata
894 852 1063 928 traduntur,
1083 855 1280 913 correctorem

107 944 192 1002 olent
216 960 311 1017 neque
333 943 371 1001 ab
395 941 510 1016 eodem,
540 943 591 1018 qni
613 943 713 1001 totum
736 942 903 1017 exemplum
930 941 1011 1000 haud
1033 941 1218 1001 incommode
1246 961 1282 1002 ex

107 1030 246 1090 Sallustii
268 1031 438 1090 narratione
466 1031 597 1107 excudit,
625 1031 669 1090 ita
692 1031 805 1106 scripta
833 1048 898 1090 esse
925 1032 1063 1106 possunt:
1088 1030 1280 1107 transpositis
1314 1047 1320 1054 ·

106 1120 211 1180 uerbis
235 1122 387 1180 structura
409 1120 526 1181 exsistit
552 1121 707 1198 concinna,
732 1139 837 1180 sensns
863 1138 935 1180 uero
962 1139 1079 1195 eorum,
1107 1139 1184 1196 quac
1202 1122 1280 1197 apud

107 1209 288 1270 Frontinum
306 1211 461 1288 leguntur,
479 1209 555 1268 nihil
573 1211 781 1270 enarratione
800 1208 983 1268 Sallustiana
1001 1207 1075 1268 mihi
1093 1209 1215 1269 uidetur
1232 1212 1282 1270 ab·

107 1301 244 1359 horrere:
279 1298 379 1375 Atque
396 1299 551 1374 milites,
579 1319 760 1376 quamquam
784 1299 864 1375 apud
888 1297 1061 1358 Sallustium
1086 1298 1152 1376 Iug.
1173 1301 1228 1374 93,
1249 1301 1283 1359 8:

105 1390 215 1462 Itaque
228 1405 263 1448 en
276 1391 359 1462 cepio
378 1391 534 1449 tubicinum
548 1393 574 1448 et
587 1391 765 1450 cornicinum
782 1405 901 1449 nmncro
920 1391 1044 1462 quinque
1061 1406 1149 1461 quum
1166 1389 1283 1448 uelocis

106 1495 208 1537 sumos
230 1479 331 1552 delepit
353 1483 379 1537 et
401 1495 465 1537 cum
488 1481 544 1547 eis,
567 1480 717 1552 prmsidic
740 1480 790 1552 qui
812 1479 919 1553 ferent,
944 1481 1079 1551 quotuor
1097 1480 1283 1546 embrricnes,

83 1619 90 1632 .
107 1567 370 1640 munitissime
373 1584 481 1641 parere
490 1568 567 1627 iubet
574 1567 605 1627 in
614 1568 763 1627 codicibus
774 1585 852 1626 nunc
859 1566 1046 1643 quidemnon
1054 1585 1284 1627 commemoran-

107 1659 169 1729 tur,
193 1656 364 1715 interfuisse
383 1658 484 1716 tamen
504 1656 684 1734 expeditioni
702 1656 881 1733 comparatis
900 1655 1001 1716 uerbis
1015 1655 1081 1732 Ing.
1098 1659 1148 1732 94,
1168 1660 1184 1714 1
1208 1655 1283 1716 Oete-

105 1764 176 1805 rnm
194 1745 238 1805 illi
318 1763 417 1805 ormo
436 1751 624 1820 cinctumque
645 1751 844 1814 mutauerant,
979 1762 1066 1820 super
1088 1749 1169 1820 leupo
1189 1747 1284 1820 clodii

106 1839 136 1894 el
153 1839 243 1902 scuto,
262 1853 365 1894 uerum
378 1853 412 1895 eo
425 1835 585 1896 Numidico
599 1854 632 1896 en
646 1839 745 1904 coriis,
758 1837 899 1910 penderis
910 1837 1010 1909 prolia
1023 1835 1111 1894 simul
1125 1839 1151 1894 et
1164 1836 1283 1908 obfcnsc

106 1941 165 1998 quc
189 1924 281 1984 leuius
304 1929 460 1998 streperent
483 1928 514 1984 et
532 1925 597 2001 Iug.
619 1928 668 1998 94,
689 1929 707 1985 2
732 1927 835 2000 quibus
858 1926 987 1985 udlcnuli
1009 1925 1142 1983 milites
1164 1925 1283 1999 futilius

107 2014 287 2073 escenderent
303 2013 370 2074 lnce
391 2013 499 2073 clarius
517 2018 571 2073 est.
600 2013 767 2089 significari
786 2032 836 2074 eos
855 2014 875 2074 l.
893 2014 913 2074 1.
929 2015 980 2088 93,
997 2015 1015 2074 8
1031 2012 1133 2072 uerbis
1150 2031 1215 2072 cum
1232 2017 1283 2083 eis,

101 2104 255 2177 praesidio
277 2105 327 2176 qui
349 2105 444 2176 forent
467 2103 613 2162 Henricus
633 2094 779 2184 corbaal)
803 2106 834 2162 et
856 2102 1004 2162 Iohannes
1023 2094 1136 2182 Wiru⁸)
1160 2103 1282 2162 uolunt:

107 2191 161 2251 sed
180 2194 242 2250 tam
261 2192 385 2251 obscure
406 2191 583 2254 Sallustium
601 2193 712 2253 dixisse
731 2193 782 2251 uix
801 2192 941 2251 credibile
959 2195 1007 2251 ost
1025 2195 1066 2265 et,
1085 2191 1202 2267 quando
1218 2193 1281 2269 qui·

106 2282 177 2340 dem
194 2279 342 2340 tubicines
365 2280 587 2357 cornicinesque
607 2285 638 2341 et
656 2283 845 2341 centuriones
869 2280 989 2341 disertis
1013 2279 1114 2340 uerbis
1137 2281 1283 2341 nominati

107 2370 189 2446 sunt,
208 2369 337 2428 militum
355 2389 462 2430 nomen
485 2389 580 2446 paone
603 2372 783 2446 postulatur.
829 2371 930 2436 Aliam
952 2371 1106 2446 ingressus
1130 2369 1212 2429 uiam
1231 2390 1283 2430 no·

107 2459 250 2518 uissimus
270 2451 398 2538 edit0r4)
421 2478 475 2534 pro
499 2460 592 2520 uerbo
615 2463 792 2520 centuriones
815 2459 936 2536 scripsit
958 2461 1183 2519 centurionatus:
1205 2479 1282 2538 quse

106 2548 236 2607 mutatio
255 2550 290 2605 ut
308 2548 427 2608 uidetur
445 2543 578 2626 simplex,
601 2549 645 2609 ita
667 2569 726 2609 non
745 2551 792 2609 est
810 2548 1002 2624 conueniens;
1029 2550 1120 2624 atque
1143 2568 1201 2608 uox
1219 2567 1282 2608 cen-
1359 2607 1371 2624 ,

107 2639 248 2698 turinnes
274 2655 419 2698 consensu
447 2637 577 2698 omnium
606 2638 751 2698 librorum
775 2641 806 2698 st
828 2637 964 2697 Sallustii
991 2641 1023 2697 et
1047 2637 1182 2697 Frontini
1208 2639 1282 2698 adso

108 2725 283 2786 confirmata
306 2730 364 2800 est,
388 2729 422 2786 ut
446 2726 564 2786 omnino
587 2727 700 2786 tuenda
724 2727 771 2786 sit.
803 2727 993 2786 Intercidisse
1015 2726 1109 2786 uerba
1127 2726 1282 2802 quaedam,

107 2815 217 2891 quibus
241 2815 397 2873 militum
421 2816 532 2875 mentio
555 2816 759 2890 fie1·et,acute
782 2815 934 2892 perspexit
953 2808 1226 2895 Oudendorpius⁵):
1254 2818 1282 2876 ei

106 2906 265 2978 militesque
286 2907 356 2980 post
379 2908 502 2978 quinque
525 2906 675 2982 supplenti
699 2905 853 2965 (tustanus
881 2897 1026 2986 Linlxer⁶)
1049 2905 1182 2964 accessit.
1225 2905 1281 2976 Qui

106 2995 298 3073 tamencum
321 2994 421 3054 uerbis
440 2997 591 3068 praesidio
614 2997 663 3068 qui
689 2997 783 3068 serent
806 2987 863 3077 (=
887 2995 999 3054 welche
1023 2994 1075 3054 das
1101 2993 1281 3055 Commendo

106 3083 216 3142 fllbren
240 3074 363 3164 sollten)
387 3084 424 3142 ad
448 3088 582 3157 quotuor
605 3087 782 3143 centuriones
804 3084 907 3143 relatis
934 3081 1181 3161 significationem
1201 3084 1281 3144 uocis

107 3171 248 3248 praesidii
268 3171 432 3232 inauditam
458 3173 630 3246 statuisset,
653 3173 798 3233 liudolfus
818 3163 973 3251 pietatm)
998 3175 1067 3248 post
1086 3172 1179 3231 uerba
1191 3192 1280 3247 prue-

106 3263 181 3320 sidio
209 3264 259 3334 qui
285 3263 380 3334 forent
410 3262 549 3321 lacunam
581 3262 726 3322 indicauit
753 3261 968 3338 deperditaque
996 3262 1033 3321 ad
1061 3260 1155 3320 uerba
1182 3254 1281 3342 (uelut

101 3369 216 3426 pouces
234 3352 337 3410 milites
356 3341 394 3430 cl)
418 3351 472 3409 illa
496 3351 624 3410 rettulit.
661 3350 718 3409 Sed
737 3351 859 3428 propius
882 3351 920 3409 ad
944 3370 992 3429 eu,
1017 3369 1093 3426 quae
1116 3349 1279 3412 Sallustius

106 3439 262 3516 scripsisse
281 3441 445 3500 censendus
461 3443 520 3515 est,
538 3441 639 3500 nescio
657 3459 696 3499 an
710 3439 848 3499 accedere
865 3441 963 3516 possis
982 3440 1125 3499 aduocato
1144 3441 1280 3517 exemplo

107 3531 137 3606 3,
157 3531 185 3608 9,
206 3531 224 3588 3
249 3527 395 3588 Frontini.
445 3529 476 3588 Is
500 3530 592 3606 enim,
619 3531 764 3606 quantum
788 3530 968 3605 comparatis
997 3529 1039 3587 cis
1067 3529 1200 3588 fontibus
1228 3530 1280 3606 qui

106 3618 205 3678 adhuc
228 3619 397 3679 conseruati
426 3619 545 3678 exstant
571 3619 702 3679 iudicare
727 3617 810 3694 licet,
834 3619 971 3695 exempla
993 3619 1036 3677 ita
1059 3619 1222 3696 excerpsit,
1247 3623 1280 3678 ut

198 3790 224 3858 1)
243 3789 362 3843 eandem
381 3789 567 3858 suspicionem
587 3788 803 3859 Oudendorpius
821 3789 875 3858 (cd.
895 3787 1021 3842 Frontini
1045 3787 1093 3842 ult.
1111 3788 1197 3858 Lugd.
1219 3789 1279 3844 Bnt.

195 3876 223 3998 a
237 3865 289 3986 s
308 3860 587 3987 sutrina

198 4006 225 4069 s)
244 3975 287 4056 ecl
307 3972 427 4072 celsima
447 4007 523 4058 issi.
589 3974 595 3986 ’

196 4077 224 4143 l)
243 4074 296 4140 ed,
316 4089 401 4142 quam
420 4073 531 4128 curauit
549 4076 581 4130 A.
601 4075 730 4128 Eussner.
759 4071 870 4142 Lipsiae
893 4079 968 4128 1887.

196 4145 223 4214 t)
242 4143 286 4198 ed.
305 4143 432 4200 Frontini
450 4145 498 4199 alt.
518 4147 606 4216 bugd.
627 4145 688 4199 Bat.
708 4150 777 4198 1779
798 4163 823 4212 p.
843 4151 895 4198 394
914 4146 976 4199 adu.
998 4149 1039 4198 17.

107 4293 176 4344 1854
196 4214 434 4341 QHSIitgiliggsber.
457 4217 505 4270 der
524 4216 557 4272 Κ.
577 4216 665 4272 Akad.
687 4217 736 4270 der
754 4215 923 4270 Wisscnsch.
943 4214 1102 4285 (phil-hist.
1121 4214 1172 4284 Ol.)
1196 4216 1278 4270 Wien

179 4330 223 4427 ’7)
242 4358 284 4412 ed.
303 4331 370 4412 min.
390 4361 492 4427 quarta
509 4357 618 4428 Lipsiae
640 4364 717 4413 1870.
738 4389 769 4398 -
788 4356 819 4412 in
834 4357 876 4414 ed.
891 4356 956 4411 mai.
976 4355 1097 4426 (Lipsiae
1114 4358 1194 4427 1869)
1214 4359 1225 4411 l
1244 4364 1277 4412 97

106 4431 236 4484 lacunam
255 4428 348 4485 uerbis
363 4445 469 4499 paucos
487 4431 585 4486 milites
603 4435 628 4485 et
646 4431 834 4501 suppleuerat.
