2948 5086
309 243 490 309 Quaestiones
509 242 544 298 de
564 241 618 296 luli
635 241 763 296 Frontiui
780 240 1001 312 stratagematon
1019 241 1107 296 libris.
1224 239 1289 307 353

88 378 92 384 Ι
111 415 212 491 ficari,
231 412 381 473 aGraecis
401 406 564 488 ὀβελίεκον
578 412 769 488 appellatum,
790 413 927 488 apertum
943 413 989 471 est
1004 415 1175 487 comparata
1189 431 1290 472 narra-
1362 396 1365 401 ¹

113 506 203 565 tione
218 503 381 577 Plutarchi,
396 502 446 562 ubi
460 502 531 560 item
547 521 700 560 nummum
717 501 854 578 intellegi
868 501 1022 577 Xylander
1035 503 1116 560 recte
1130 503 1290 579 perspexit,

112 596 193 655 Fab.
209 597 262 653 27:
288 587 546 666 Ἐπαμεινώνδαν
573 587 630 665 μὲν
655 585 714 650 οὖν
737 587 870 666 Θηβαῖοι
895 585 1027 668 δημοείᾳ
1046 585 1098 649 διὰ
1116 585 1231 650 πενίαν
1250 590 1289 666 ἣν

113 679 277 742 ἀπέλιπεν
292 675 310 739 ὁ
326 676 405 755 ἀνὴρ
418 676 558 754 ’ἔθαψαν
578 675 674 740 οὐδὲν
689 677 749 754 γὰρ
765 673 846 740 οἴκοι
860 677 1107 754 τελευτήεαντοε
1123 675 1290 755 εὑρεθῆναι

112 771 204 846 πλὴν
223 767 422 848 ὀβελίειιον
442 769 620 844 ειδηροῦν
640 766 777 841 λέγοντι·
798 763 919 844 Φάβιον
939 765 973 828 δὲ
988 765 1139 843 Ῥωμαῖοι
1159 765 1290 847 δημοείᾳ

114 860 178 938 μὲν
202 857 463 938 ostentamen,
488 854 550 937 ἰδίᾳ
573 853 739 918 λ’ἑκάετου
762 853 804 918 τὸ
829 853 1081 932 (μικρότατον
1105 854 1191 938 αὐτῷ
1215 857 1290 919 τῶν

115 967 228 1026 νομιε
234 945 360 1026 μάτων
375 943 606 1022 ἐπενεγκόντοε
617 943 677 1022 οὐχ
687 942 731 1006 ὼε
746 941 785 1007 δι’
795 942 922 1007 ἔνδειαν
932 943 1210 1023 προεαρκούντων,
1220 941 1291 1008 ἀλλ’

114 1037 165 1100 ὡ(
185 1037 307 1114 πατέρα
325 1039 383 1099 τοῦ
402 1035 503 1113 δήμου
522 1033 714 1098 θάπτοντοεῑ
735 1037 813 1096 uude
833 1037 922 1096 simul
941 1038 1075 1114 sequitur
1094 1056 1158 1097 cam
1173 1038 1291 1113 Epami-

116 1130 236 1190 nondae
254 1129 384 1204 inopiam
402 1130 472 1204 post
490 1130 615 1186 mortem
641 1129 828 1202 conspectam
848 1145 921 1200 esso,
945 1147 1004 1186 non
1022 1146 1076 1202 per
1094 1129 1192 1186 totum
1209 1127 1291 1186 uitae

116 1239 249 1294 cursum,
263 1221 298 1277 ut
308 1238 343 1276 ex
353 1217 591 1278 Pseudofrontin.
603 1219 631 1291 4,
644 1219 672 1290 3,
684 1219 701 1277 6
718 1216 893 1275 concludere
907 1219 1000 1291 potes.
1019 1217 1172 1276 Peru-eus
1190 1220 1291 1276 autem
1312 1217 1318 1224 “

116 1305 281 1386 ὀβελίεκοε
295 1308 423 1368 fortasse
434 1307 612 1384 appellatur,
627 1308 660 1364 ut
675 1306 860 1365 discernetur
875 1305 912 1364 ab
923 1323 1013 1365 aeneo
1025 1298 1239 1387 (cf.Plut.Lys.
1249 1308 1289 1366 17

116 1393 333 1474 ὀβελίεκοιε
353 1394 528 1474 χρωμένων
552 1395 734 1472 ειδηροῑε,
765 1389 860 1454 ἐνίων
884 1391 919 1454 δὲ
939 1386 1110 1474 χαλκοῖε)
1130 1395 1290 1472 uilitasqua

116 1489 217 1564 magis
244 1481 428 1564 illustretur,
456 1505 636 1562 quamquam
660 1485 772 1544 ferreos
795 1503 933 1543 nummos
956 1485 987 1543 in
1011 1503 1068 1544 usu
1091 1485 1183 1544 fuisse
1212 1485 1291 1561 apud

115 1577 278 1636 Thebanos
297 1595 356 1636 non
369 1576 544 1651 accepimus.
574 1574 716 1634 Fueritnc
730 1573 802 1632 item
822 1573 979 1633 ferreum
998 1593 1087 1633 ueru
1106 1574 1187 1650 apud
1201 1574 1292 1634 Pseu·
1366 1601 1368 1604 ·

115 1666 322 1726 dohcntinum
352 1658 540 1745 (praeteritor
563 1681 626 1725 eam
654 1663 750 1740 codd,
771 1667 892 1736 praeter
913 1667 1038 1723 stoream
1065 1662 1224 1742 Graeuius3
1253 1683 1291 1724 an

109 1761 234 1832 praeter
250 1749 417 1836 ferreamt)
437 1755 589 1831 scriptum,
607 1772 713 1830 parum
731 1752 837 1828 liquet.
865 1752 901 1811 Id
925 1753 1044 1829 quidem
1063 1754 1136 1813 satis
1155 1757 1291 1814 constare

114 1847 253 1919 uidetur,
276 1846 314 1905 ab
334 1864 381 1924 ea,
405 1845 455 1922 qui
474 1844 588 1920 primus
606 1844 662 1904 hoc
681 1843 849 1918 exemplum
869 1861 905 1902 ex
924 1843 1000 1902 libro
1019 1843 1120 1920 graeci
1138 1843 1291 1918 scriptoris

116 1934 308 2011 excerpserit,
328 1928 492 2010 ὀβελίεκον
511 1952 617 1992 nomen
637 1932 750 1991 nummi
769 1931 862 1990 latine
878 1952 933 2008 per
950 1952 1038 1992 ueru
1057 1932 1206 1992 redditum
1226 1952 1291 1992 esse

115 2026 209 2100 idque
220 2023 282 2083 siue
293 2025 330 2083 ab
339 2025 404 2098 ipso
415 2022 478 2082 siue
488 2023 525 2081 ab
537 2022 604 2081 aliis
615 2021 772 2082 commisso
783 2040 883 2082 errore
893 2021 924 2080 in
934 2022 1135 2097 suppellectili
1144 2027 1291 2098 putatum.

209 2113 273 2172 Iam
287 2113 376 2174 uenio
392 2113 429 2172 ad
441 2112 585 2188 exempla,
595 2111 702 2187 quibus
718 2111 860 2170 nomina
874 2130 979 2171 eorum
988 2112 1040 2188 qui
1053 2131 1101 2171 res
1111 2112 1261 2190 gesserint
1275 2131 1292 2171 a

116 2202 262 2262 memoria
272 2206 437 2262 ceterarum
446 2203 623 2278 scriptarum
632 2200 751 2259 diuersa
760 2200 930 2260 traduntur.
939 2201 1181 2261 Praetermittam
1191 2204 1292 2261 autem

117 2311 168 2366 ea,
194 2293 225 2350 in
249 2291 357 2368 quibus
377 2293 480 2366 aperta
507 2290 653 2365 solitoque
677 2290 783 2348 mendo
802 2289 995 2350 librariorum
1014 2294 1154 2367 corrupta
1172 2291 1293 2350 nomina

117 2384 199 2456 sunt,
218 2382 302 2439 uelut
317 2383 346 2458 2,
361 2382 390 2454 4,
406 2383 424 2439 2
445 2381 475 2438 et
495 2382 523 2456 4,
540 2382 568 2453 1,
582 2381 623 2439 39
639 2379 770 2438 narraras
783 2399 838 2454 pro
852 2380 976 2451 Reatina·
996 2383 1024 2456 2,
1042 2383 1069 2453 7,
1087 2383 1124 2440 11
1146 2381 1293 2441 Manilius

116 2489 173 2547 pro
183 2469 334 2541 ascalon,-
350 2473 378 2544 2,
390 2471 418 2546 6,
430 2471 448 2528 4
463 2467 605 2528 Germani
618 2487 671 2544 pro
682 2468 810 2527 Romani
820 2461 886 2545 (ubi
897 2469 1023 2544 apricre
1038 2470 1172 2545 exemplo
1193 2474 1221 2544 2,
1233 2472 1291 2544 6,3

119 2559 262 2618 uidelicet
281 2578 389 2618 nomen
404 2557 620 2618 Germanorum
638 2558 669 2616 in
688 2560 786 2617 mente
801 2559 973 2634 calamoque
991 2551 1169 2640 resederat).
1192 2559 1293 2618 Etiam

118 2649 175 2707 illa
189 2649 357 2724 neglegam,
379 2667 454 2724 quae
469 2650 572 2706 utrum
587 2648 624 2708 ab
639 2649 694 2708 hoc
713 2666 750 2706 au
766 2648 803 2706 ab
819 2647 885 2706 aliis
899 2650 979 2706 recte
1000 2647 1166 2722 tradantur,
1186 2667 1293 2724 parum

0 2763 3 2772 ‚
117 2741 222 2815 potest
250 2737 419 2796 diiudicari:
447 2739 532 2796 uelut
559 2739 671 2812 legitur
694 2738 837 2797 Diodotus
860 2736 961 2796 Pront.
982 2738 1010 2813 3,
1032 2739 1082 2810 16,
1102 2739 1120 2796 5
1145 2738 1294 2798 Diodorus

117 2827 184 2886 Liu.
205 2828 259 2904 44,
279 2827 335 2903 443
354 2827 550 2886 Mandronem
568 2827 669 2885 Frant.
689 2828 719 2902 3,
734 2828 762 2901 3,
779 2830 796 2886 7
816 2819 986 2900 Ἄνδρωνα
993 2819 1018 2906 1)
1036 2825 1176 2902 Polyaen.
1193 2830 1221 2904 5,
1239 2831 1293 2904 193

116 2917 308 2976 Pharnaenm
330 2916 432 2975 Front.
459 2918 555 2992 1‚1,6
586 2911 749 2975 Χανναῑον
777 2915 863 2976 Dion.
887 2917 1005 2991 49‚19;
1034 2913 1170 2975 Adultus
1192 2917 1294 2975 Front.

120 3009 151 3079 2,
172 3007 200 3079 5,
221 3007 263 3065 30
287 2999 442 3065 Ὀλθακὸς
470 3004 549 3063 Plut.
578 3003 694 3064 Lucull.
715 3006 755 3063 16
784 2997 940 3079 Ὀλκάβα(
963 3005 1090 3080 Appiam
1119 3005 1222 3066 Mithr.
1243 3008 1293 3066 79.

119 3095 158 3153 In
176 3094 382 3170 quaestionem
396 3113 467 3155 uero
487 3113 523 3154 ea
544 3093 666 3167 uacabo,
685 3092 838 3169 inquibus
855 3093 1014 3154 diuersitas
1028 3095 1181 3154 nominum
1196 3099 1294 3154 exstat

119 3184 243 3260 grauior
261 3187 352 3261 atque
371 3183 463 3243 altius
481 3183 651 3259 repetenda.
1153 3196 1156 3202 '

208 3271 309 3348 Atque
331 3275 358 3350 1,
379 3274 406 3346 2,
429 3275 446 3331 7
466 3291 573 3331 nomen
592 3271 701 3348 oppidi,
723 3273 801 3347 apud
822 3273 900 3348 quad
920 3272 988 3331 Baii
1005 3270 1130 3332 insidias
1149 3273 1292 3334 Romanis

119 3361 349 3433 collocauerant,
368 3362 542 3421 mutilatum
556 3361 671 3420 codices
685 3361 809 3420 tradunt
824 3356 884 3440 (nel
899 3363 1041 3421 caloniam
1050 3360 1079 3418 H
1094 3363 1235 3422 coloniam
1245 3357 1291 3443 P).

119 3447 291 3510 Gronauius
310 3451 376 3509 call.
391 3451 496 3526 Polyb.
517 3453 546 3528 2,
557 3451 638 3522 27,2
660 3450 817 3510 Telamona
832 3450 965 3523 coniecit,
984 3451 1130 3525 proelium
1149 3451 1289 3527 opinatus

118 3539 281 3615 significari
296 3558 372 3598 anno
389 3541 452 3600 225
464 3559 489 3598 a.
501 3537 569 3600 Chr.
584 3542 688 3599 cantra
699 3537 800 3599 Gallos
811 3539 959 3615 Baiasque
979 3539 1182 3599 commissum:
1203 3561 1292 3618 quem

118 3629 151 3686 in
170 3647 300 3688 errarem
319 3628 464 3689 adductas
479 3629 599 3688 uidetur
614 3629 680 3705 pari
694 3630 847 3689 consulum
862 3629 988 3703 nornine,
1008 3647 1075 3687 cum
1089 3631 1290 3690 contraBoios

116 3718 321 3794 pugnauerint
343 3718 376 3778 Ιι.
394 3717 542 3778 Aemilius
567 3717 666 3793 Papus
692 3721 795 3778 consul
819 3711 897 3798 (225
918 3737 944 3777 a.
965 3708 1049 3799 chr.)
1073 3719 1152 3777 bello
1178 3717 1291 3780 Gallico

118 3807 169 3865 uel
182 3806 337 3866 lnsubn'co
353 3810 383 3866 et
397 3808 430 3878 Q.
441 3806 587 3866 Aemilius
598 3805 697 3882 Papus
712 3809 816 3867 consul
831 3799 909 3886 (282
922 3827 947 3866 a.
959 3800 1042 3887 Chr.)
1057 3807 1137 3866 bello
1152 3808 1290 3870 Etrusco.

116 3894 166 3954 Ad
184 3896 262 3956 hunc
281 3900 403 3972 propter
421 3897 515 3956 uerba
534 3898 604 3956 bello
623 3897 749 3956 Etrnsec
769 3899 952 3972 stratagema
975 3901 1110 3972 spectare
1131 3895 1289 3958 Cluuerius

116 3987 198 4044 recte
213 3986 373 4045 intellexit:
387 3986 486 4045 minus
500 3988 582 4046 recte
593 3985 750 4046 Cortonam
765 3986 854 4044 scribi
869 3985 957 4044 iussit
967 3987 1033 4046 coll.
1045 3984 1148 4062 Polyb.
1161 3990 1189 4062 2,
1200 3990 1251 4063 20,
1263 3991 1291 4067 2,

117 4076 197 4151 quod
215 4075 270 4134 hoc
290 4076 430 4151 oppidum
455 4076 534 4134 haud
561 4076 648 4152 lange
669 4076 788 4134 abesset
808 4094 825 4133 a
843 4076 910 4134 lecu
931 4075 1118 4152 Vadimonis,
1143 4075 1196 4134 ubi
1213 4095 1290 4138 anna

119 4165 182 4222 283
203 4183 229 4223 a.
250 4163 318 4223 Chr.
353 4163 442 4224 Tusci
460 4165 584 4242 Boiique
603 4183 622 4224 a
640 4164 781 4224 Romanis
806 4166 940 4239 superati
959 4167 1066 4223 essent.
1108 4164 1233 4241 Propius
1252 4167 1290 4225 ad

118 4252 237 4312 litteras
251 4253 379 4314 traditas
394 4255 536 4315 accedens
550 4252 779 4328 Oudendorpius
794 4254 989 4327 Populoniam
1000 4253 1164 4328 proposuit.
1178 4254 1291 4314 Verum

118 4383 331 4392 ----..

210 4443 234 4509 1)
255 4443 291 4496 cl'.
311 4441 426 4512 Melbcr,
445 4441 540 4498 Jahrb.
561 4443 579 4498 f.
600 4443 679 4498 class.
699 4439 770 4498 Phil.
806 4442 902 4512 Suppl.
922 4439 972 4496 Bd.
992 4439 1056 4496 XlV
1075 4442 1168 4513 (1886)
1188 4449 1247 4499 647.
