2948 5086
190 217 256 282 340
585 215 755 270 Gottholdus
774 213 985 270 Gundermunn:

192 387 285 446 uerba
312 385 432 462 quidem
460 385 639 462 scriptorum
663 385 864 460 contraheret,
888 383 1035 460 uariaret,
1061 387 1277 462 commutaret,
1299 405 1368 444 rem

192 477 289 552 ipsam
307 493 424 534 summa
442 494 509 534 cum
527 474 584 533 fida
603 475 731 534 referret
748 492 783 533 ac
805 473 881 533 nihil
895 473 1028 548 adderet,
1047 473 1125 550 quod
1142 493 1203 534 non
1226 476 1258 535 in
1280 475 1367 534 fonte

192 565 365 624 inuenisset.
397 564 497 640 Atque
517 584 583 623 cum
603 583 692 639 saepe
711 563 823 622 eisdem
842 563 951 639 uerbis,
971 580 1047 639 quae
1065 562 1198 623 insonte
1212 565 1367 642 leguntur,

192 655 305 731 utitur,
333 656 397 713 tum
421 655 476 713 hoc
502 652 671 729 exemplum
693 651 852 728 permultis
876 652 1001 713 retentis
1025 652 1148 712 uocibus
1172 653 1367 713 sallustianis

193 743 355 820 excerpsit:
379 743 415 802 ef.
435 743 536 804 Front.
556 743 742 812 castellum
768 745 800 801 in
823 745 934 801 mente
955 759 1059 801 scaea
1077 745 1179 821 sitien,
1202 745 1276 816 queri
1293 762 1369 802 una

191 838 223 893 et
241 837 396 907 anenata
413 835 541 892 souitu
560 833 740 900 adibatur,
759 835 851 890 cetera
863 836 951 906 porte
968 832 1068 890 uelut
1086 834 1239 892 consulte
1256 851 1367 906 prae-

192 924 296 997 cipiti
311 947 352 968 =
372 920 443 980 Sall.
458 921 524 998 Iug.
537 922 616 994 92,5
633 925 695 980 erat
712 923 786 980 inter
804 924 927 980 ceteram
940 922 1093 994 planitiem
1110 939 1206 982 uene
1223 939 1368 989 soccus,

192 1013 328 1071 mediocri
342 1011 490 1070 castelle
509 1012 581 1069 satis
593 1015 708 1084 petens,
722 1012 755 1070 in
767 1012 938 1070 inmensum
952 1011 1052 1077 editus,
1065 1027 1133 1069 uno
1145 1016 1370 1085 peranpusto

192 1102 294 1160 editu
325 1100 438 1158 relicto:
469 1117 540 1158 naen
567 1102 660 1159 omnis
687 1104 838 1159 enatura
864 1099 960 1158 uelut
987 1116 1070 1173 opera
1097 1104 1181 1174 auae
1206 1102 1370 1159 consulto

187 1206 413 1265 praeceps—
424 1188 527 1247 Front.
532 1204 589 1262 pu
598 1189 766 1264 Liparen
784 1189 954 1263 quendam
968 1205 1006 1248 ea
1020 1189 1171 1249 auxiliis
1186 1191 1371 1264 pecualem

192 1280 337 1338 militem
357 1303 398 1324 =
419 1276 491 1337 Sall.
507 1279 558 1355 93,
575 1279 593 1337 2
614 1279 756 1352 quidem
774 1279 900 1354 Irieus,
919 1295 957 1338 ea
977 1278 1136 1338 coloritus
1150 1280 1371 1339 auxiliariis

191 1369 291 1428 miles
306 1369 546 1443 preposius—
559 1368 661 1426 Front.
676 1369 726 1441 qui
743 1369 817 1443 forte
836 1371 1003 1442 aquatum
1015 1367 1371 1442 propressus=SalL

195 1460 246 1535 93,
262 1460 279 1516 2
300 1459 403 1517 eastris
422 1461 588 1530 aquatum
606 1475 768 1531 apresens
781 1488 817 1498 -
830 1457 932 1516 Front.
947 1459 1061 1531 cupite
1071 1457 1290 1532 pedibusque
1303 1477 1369 1517 nu-
1443 1475 1444 1478 ¹

193 1549 261 1614 dis,
279 1551 313 1605 ut
324 1551 537 1621 prospectus
554 1549 722 1621 nisusque
748 1565 815 1621 per
837 1565 926 1607 sana
948 1547 1096 1621 facilior
1122 1549 1228 1620 feret,
1256 1550 1370 1607 scutis

191 1637 392 1712 pladiisque
415 1640 509 1709 torpe
532 1639 639 1710 aptatis
667 1660 709 1684 =
738 1635 809 1696 Sall.
830 1638 881 1709 94,
905 1640 921 1695 1
954 1638 1070 1711 capite
1092 1640 1194 1710 atque
1215 1638 1371 1711 petibus

193 1727 311 1792 nudis,
329 1727 383 1784 uti
395 1729 606 1799 prospectus
624 1727 791 1798 nisusque
803 1743 869 1800 pce
888 1743 977 1786 seua
990 1725 1140 1799 facilius
1157 1727 1263 1800 foret:
1280 1744 1371 1800 super

194 1820 292 1889 terea
307 1815 424 1888 eladii
443 1818 472 1873 ct
497 1818 598 1874 scuta
615 1845 659 1855 -
679 1814 780 1874 Front.
798 1815 829 1874 lei
846 1815 957 1889 Lipure
975 1815 1092 1874 ducente
1109 1815 1180 1875 loris
1199 1820 1224 1874 et
1241 1807 1369 1896 clauis¹)
1447 1861 1448 1866 η

194 1905 298 1978 qums
315 1906 347 1963 in
361 1921 482 1963 ascensu
499 1905 664 1963 nitebantur
683 1905 776 1964 adiuti
795 1928 837 1952 =
857 1903 928 1962 Sall.
945 1905 996 1980 94,
1012 1906 1030 1962 2
1049 1905 1147 1977 Ieitur
1159 1906 1370 1979 praepredicns

194 1995 290 2068 lapus
315 2011 391 2052 saec
419 1997 444 2052 et
471 1995 497 2054 si
524 2012 597 2067 quae
619 1998 748 2053 uetustae
769 1995 883 2054 radices
901 1995 1062 2053 eminebant
1084 1994 1193 2066 laqueis
1215 1995 1369 2062 uineiebat,

195 2085 298 2157 quibus
317 2082 445 2142 adleuati
470 2084 574 2142 milites
591 2084 709 2158 facilius
728 2083 912 2143 escenderent.
949 2083 1014 2141 Iam
1034 2101 1101 2141 cum
1114 2081 1276 2143 Frontinus
1290 2103 1370 2158 per-

195 2172 418 2232 fectissimos
438 2174 653 2231 aeneatores
673 2174 704 2231 et
722 2173 975 2232 uelocissimos
994 2171 1145 2245 milites,
1165 2192 1224 2248 qua
1243 2192 1275 2232 re
1292 2173 1369 2231 nihil

197 2265 244 2322 est
271 2260 472 2337 probabilius,
503 2279 571 2320 aum
594 2260 706 2338 Ligure
734 2261 841 2321 missos
861 2262 953 2338 dieat,
973 2261 1063 2321 etiam
1081 2261 1274 2337 peridoneum
1292 2261 1368 2320 illud
1451 2283 1452 2286 ¹

191 2353 416 2426 perfectissimos
435 2370 503 2409 eum
521 2369 580 2410 non
598 2349 727 2429 finxisse,
747 2352 799 2411 sed
817 2352 849 2410 in
864 2351 999 2410 Sallustii
1016 2350 1094 2410 libro
1113 2353 1178 2410 tum
1196 2352 1313 2429 integro
1329 2352 1370 2410 le·

196 2440 276 2518 gisse
294 2440 439 2500 existimo.
473 2439 698 2510 Quamobrem
718 2443 844 2500 uexatus
863 2441 915 2500 ille
933 2441 1015 2499 locus
1026 2439 1162 2499 Sallustii
1181 2431 1261 2521 (Iug.
1272 2443 1322 2514 93,
1335 2436 1369 2520 8)

105 2585 112 2594 .
198 2531 238 2590 sic
258 2530 320 2589 fere
339 2530 541 2588 emendandus
560 2530 694 2589 uidetur:

410 2637 515 2710 Itaque
533 2653 567 2696 cc
585 2638 668 2710 copto
686 2639 844 2698 tubicinum
866 2642 892 2696 et
915 2639 1092 2696 cornicinum
1108 2633 1228 2696 nuueee
1247 2639 1371 2710 quinque

360 2721 470 2803 <quaen
488 2728 739 2800 perfectissuenos,
768 2744 801 2785 cn
827 2728 966 2786 militibus
988 2744 1107 2786 nuuue
1126 2720 1259 2804 esee>
1284 2745 1372 2799 quaen

357 2816 559 2874 uelocissuenos
577 2816 677 2890 deiecit
696 2820 720 2875 ct
739 2834 804 2875 crem
818 2818 867 2883 eis,
880 2817 1030 2890 praesidio
1049 2818 1098 2890 qui
1115 2817 1218 2888 forent,
1237 2820 1373 2889 quattuor

359 2906 537 2963 centuriones
556 2947 650 2964 .....

200 3010 406 3087 Archetypum
420 3011 514 3086 igitur
525 3011 657 3070 codicum
669 3010 918 3070 Sallustianorum
928 3011 980 3087 qui
990 3011 1133 3086 exorauit,
1149 3009 1274 3086 apriore
1285 3029 1374 3084 quana

199 3101 238 3159 ed
260 3100 411 3175 posterius
433 3101 526 3158 oculis
545 3100 687 3158 aberrans
706 3099 805 3158 media
823 3100 918 3158 uerba
937 3100 1044 3158 omisit.
1082 3099 1130 3158 Ad
1148 3101 1253 3159 milites
1271 3103 1374 3158 autem

200 3190 243 3248 ita
261 3191 442 3248 memoratos
461 3188 554 3248 uerba
572 3207 637 3247 cunc
656 3191 704 3256 eis,
719 3191 868 3262 praesidio
887 3191 937 3262 qui
950 3191 1045 3262 forent
1057 3189 1228 3248 referuntur
1243 3181 1293 3267 (cf.
1307 3189 1374 3266 Ing.

201 3280 252 3353 28,
274 3281 289 3336 1
312 3280 407 3350 filiurn
426 3281 452 3335 et
469 3296 543 3336 curn
562 3295 597 3336 ce
620 3277 692 3338 aleos
709 3279 889 3351 familiaris.
906 3323 912 3337 .
928 3281 1050 3349 ‚mittin
1068 3278 1133 3356 Iug.
1155 3280 1241 3354 91,4
1261 3296 1374 3338 onmem

201 3369 356 3440 equitatum
370 3371 396 3426 et
409 3384 484 3426 cunc
498 3368 547 3426 cis
563 3368 766 3432 uelocissumos
775 3369 886 3440 pedites
900 3386 988 3427 eursu
1002 3369 1114 3426 tenelue
1127 3368 1166 3426 ael
1177 3366 1306 3441 (lapsam
1319 3412 1327 3427 .
1342 3412 1350 3428 .
1367 3413 1373 3426 .

200 3449 298 3536 iubet).
340 3455 467 3514 Etiamsi
491 3475 591 3515 omnes
615 3455 721 3534 Liguri
743 3474 848 3531 perere
868 3456 981 3515 Marius
1002 3457 1133 3516 iusserat
1156 3447 1237 3536 (Ing.
1257 3458 1376 3537 93‚'8),

201 3545 407 3605 centurionum
425 3548 526 3604 tamen
544 3547 610 3605 erat
629 3564 748 3624 curare,
771 3545 801 3604 id
820 3545 919 3622 ipsum
938 3548 973 3604 ut
990 3545 1076 3604 fieret
1094 3545 1124 3604 in
1143 3563 1268 3605 ascensu
1287 3549 1319 3604 et
1336 3547 1376 3605 ad

202 3635 367 3709 castellum,
386 3651 452 3692 eum
466 3634 684 3710 peruenissent,
703 3635 814 3693 milites
829 3654 864 3693 ex
883 3637 947 3695 toto
963 3633 1094 3694 exercitu
1113 3634 1223 3693 delecti
1240 3638 1275 3693 ut
1293 3636 1376 3694 certo

202 3722 326 3798 imperio
354 3725 532 3799 regerentur
560 3726 592 3781 et
617 3741 671 3800 pro
698 3743 731 3781 re
760 3727 893 3799 agerent.
930 3724 1080 3783 Numerus
1106 3723 1236 3782 militum
1261 3723 1377 3801 pariter

202 3815 293 3887 atque
307 3815 500 3872 aeneatorum
518 3815 550 3871 et
569 3811 776 3872 centurionum
790 3811 863 3889 quin
876 3813 1046 3888 appellatus
1060 3812 1159 3886 fuerit,
1178 3832 1237 3873 non
1251 3813 1377 3872 dubium

204 3905 259 3960 est.
296 3900 446 3979 Exiguum
465 3920 532 3960 eum
552 3901 661 3976 fuisse,
681 3902 833 3962 suffecisse
852 3906 952 3962 tamen
971 3904 1003 3961 et
1021 3902 1058 3960 ad
1076 3902 1219 3961 tutandos
1239 3905 1377 3961 aeneato-

203 4010 251 4049 res
271 3993 301 4050 et
319 3991 356 4049 ed
375 3991 585 4067 perterrendos
605 3992 782 4051 castellanos
805 4011 859 4068 per
884 4010 915 4051 se
940 3993 1036 4067 patet:
1062 4008 1207 4066 aequasse
1226 4010 1294 4050 eum
1312 3991 1378 4050 lere

202 4081 345 4155 quattuor
363 4079 511 4140 centurias
530 4098 566 4138 ex
581 4100 704 4140 numero
720 4083 863 4156 quattuor
881 4079 1087 4140 centurionum
1106 4098 1213 4139 uereor
1230 4099 1267 4140 ne
1287 4080 1378 4139 auda-

294 4323 319 4389 1)
341 4322 443 4376 Glauce
466 4322 502 4376 ab
520 4322 574 4377 hoc
592 4319 784 4389 nominantur,
808 4338 879 4389 quae
903 4326 1024 4376 uetustae
1046 4321 1153 4375 radices
1177 4320 1295 4378 abillo:
1322 4339 1376 4394 pro

206 4394 295 4448 clauis
314 4408 362 4446 cur
382 4393 522 4448 Gustauus
541 4393 644 4448 Linker
663 4394 767 4464 leneas
785 4391 947 4461 coniecerit,
967 4409 1022 4446 non
1042 4409 1183 4462 assequor.
