2948 5086
187 221 252 286 356
569 221 739 277 Gottholdus
759 221 970 277 Gundermanm

187 391 281 450 ricum
295 390 465 466 significari,
480 409 569 466 quern
579 409 597 449 a
606 393 692 466 parte
707 391 896 466 optimatium
908 390 1028 450 stetisse
1039 391 1239 466 acceperimus
1250 392 1371 452 uirum-

188 499 245 555 que
260 482 395 556 erigente
411 479 538 538 Seruilia
552 481 671 539 unicum
688 482 730 540 eis
745 481 865 556 quidem
879 480 1064 557 temporibus
1080 479 1182 556 luisse,
1197 482 1249 557 qui
1260 483 1371 556 appel-

189 569 247 628 lari
265 573 367 644 posset
392 562 472 643 ἀνὴρ
492 564 664 645 torpeant:
689 588 757 627 nam
778 570 814 628 de
834 569 892 628 alic
912 569 1054 642 Seruilio,
1077 573 1142 628 uiro
1161 573 1226 628 tum
1249 571 1370 646 insigni

187 659 336 734 rebusque
346 658 472 733 publicis
488 659 635 735 studente,
650 657 730 734 apud
740 659 899 734 scriptores
909 658 985 718 nihil
999 659 1136 734 legimus.
1160 658 1224 728 Quo
1238 660 1269 718 id
1283 679 1368 720 anno

187 748 339 822 acciderit,
363 765 399 806 ex
418 748 551 822 exemplo
570 748 635 824 ipso
654 767 714 808 non
732 748 886 824 discimus;
911 749 962 807 sed
983 767 1018 806 ex
1036 748 1136 808 uerbis
1156 749 1309 807 Plutarchi
1332 754 1367 810 et

189 837 320 896 Zonaras
348 839 474 913 apparot
501 838 687 913 triumphum
714 837 862 914 intellegi,
891 857 977 913 quem
1005 837 1165 912 Pompeius
1194 838 1230 897 de
1258 837 1369 897 Africa

187 927 251 1002 egit
273 927 367 986 aalma
390 944 472 1000 eones
490 927 655 994 Romanas,
680 928 755 1000 quoa
776 929 851 986 nalli
874 919 1366 1006 661111911611611111.6111189).

188 1015 400 1092 Triumphauit
418 1017 518 1074 autem
537 1016 704 1091 Pompeius,
728 1019 763 1074 ut
781 1015 880 1074 docuit
899 1015 1072 1092 Theodorus
1091 1009 1295 1094 Mommsen¹)‚
1320 1019 1363 1076 79

188 1124 214 1164 a.
235 1103 312 1180 Chr,
342 1123 399 1181 quo
424 1123 500 1165 anno
524 1105 659 1164 consules
682 1104 806 1164 fuerunt
828 1104 861 1164 P.
881 1103 1059 1164 Seruilius
1080 1105 1170 1164 Vatia
1194 1109 1225 1164 et
1242 1105 1366 1182 Appius

189 1192 363 1252 Claudius
382 1193 516 1253 Pulcher.
549 1195 649 1270 Atque
667 1213 685 1252 a
705 1194 874 1254 consulibus
890 1193 1065 1269 Pompeium
1084 1194 1194 1254 conicio
1215 1196 1367 1255 monitum

190 1301 264 1360 esse,
284 1285 320 1342 ut
334 1283 481 1342 diuideret
495 1284 659 1360 pecuniam,
678 1302 716 1342 ne
731 1282 836 1344 seditio
851 1283 945 1360 fieret,
960 1287 991 1342 et
1004 1302 1058 1359 pro
1075 1282 1201 1344 Glaucia
1215 1285 1364 1360 scriptum

187 1373 280 1431 fuisso
300 1371 434 1432 0111111116.

275 1461 421 1537 Exempla
441 1463 531 1539 3,10,
546 1465 564 1520 3
580 1463 741 1540 Hannibal,
761 1480 826 1522 eam
839 1464 978 1522 obsideret
992 1464 1137 1522 ciuitatem
1149 1462 1303 1522 Himeram
1317 1509 1323 1521 .
1337 1510 1361 1522 ..

188 1553 219 1610 et
239 1552 368 1627 3‚10‚4
387 1552 471 1610 Idem
490 1551 714 1625 clarmanum
737 1553 903 1611 eliceret...
922 1555 1026 1611 contra
1045 1551 1133 1610 fidem
1159 1551 1301 1611 historiae
1322 1553 1362 1610 ad

189 1640 315 1698 eundem
335 1639 534 1698 Hannibalern
553 1641 658 1698 referri
679 1641 873 1700 manifestum
891 1642 945 1700 est.
979 1640 1131 1700 Rubenius
1150 1641 1363 1702 difficultatem

187 1732 271 1788 ratus
296 1729 384 1805 culpa
407 1730 518 1788 indocti
543 1729 660 1789 librarii
682 1733 783 1792 natam
807 1734 842 1789 ut
866 1731 1001 1804 16116161,
1024 1749 1077 1805 pro
1100 1731 1276 1805 Sapimlincs
1298 1731 1363 1806 legi

186 1818 275 1878 iussit
293 1817 474 1893 Segestanos:
501 1819 554 1878 sed
574 1817 754 1894 Segestanos
779 1819 816 1878 ab
835 1819 1005 1880 Hannibale
1028 1819 1163 1879 obsessos
1190 1839 1253 1880 esse
1272 1839 1361 1879 nemo

190 1909 367 1983 scriptorum
381 1909 487 1983 tradit,
506 1908 596 1968 immo
611 1904 766 1969 Hamilcar
780 1912 919 1984 praeerat
933 1908 1078 1968 obsidioni
1094 1901 1145 1990 (cf.
1155 1909 1260 1986 Polyb.
1273 1911 1361 1987 1,24.

190 1997 334 2074 Zenond,
347 1999 385 2056 11
398 1992 461 2077 in).
484 1997 547 2057 Nec
562 1998 690 2056 Rubenii
705 1998 882 2058 sententiam
898 1996 1124 2074 Oudendorpius
1144 1999 1361 2072 corroborauit,

189 2106 255 2145 oum
264 2086 393 2163 Liuiam,
407 2088 458 2162 qui
469 2087 688 2146 accuratissime
699 2088 883 2148 obsidionem
894 2086 1129 2163 Saguntinorum
1144 2087 1361 2164 descripsisset,

190 2177 253 2234 eius
279 2176 501 2252 strategematis
524 2177 637 2234 nullam
661 2177 842 2236 mentionem
864 2177 969 2236 fecisse
995 2180 1142 2236 moneret:
1170 2181 1255 2252 potes
1280 2178 1361 2236 enirn

190 2267 226 2324 ad
246 2266 302 2324 hoc
321 2265 476 2325 consilinm
496 2265 589 2324 uerba
606 2266 688 2325 illius
709 2268 759 2342 21,
777 2269 804 2340 7,
820 2268 838 2325 8
864 2268 903 2326 ad
921 2266 1128 2340 erumpendum
1148 2268 1233 2325 eliam
1251 2269 1283 2325 in
1301 2271 1362 2325 sta-

190 2357 278 2413 tiones
301 2372 442 2428 operaque
459 2356 582 2414 bostiam
601 2357 717 2415 animas
740 2360 802 2415 erat
826 2355 946 2414 1616116.
988 2355 1096 2414 Errare
1115 2354 1210 2431 igitur
1233 2355 1361 2414 eundem

188 2443 387 2502 Hannibalem
414 2443 575 2519 significari
599 2443 712 2520 illam,·
727 2444 778 2520 qui
802 2444 930 2504 secundo
953 2444 1032 2502 bello
1056 2443 1167 2503 Punico
1192 2443 1361 2520 Saguntum

188 2532 318 2610 obsedit,
345 2535 375 2590 61
399 2553 479 2608 eum,
505 2533 557 2609 qui
578 2533 673 2608 primo
697 2534 775 2593 bello
796 2533 906 2593 Punico
925 2532 1080 2592 Himeram
1104 2533 1194 2610 cepit,
1220 2537 1360 2609 apertum

189 2625 279 2697 atque
299 2620 420 2681 euidens
440 2626 499 2681 est:
519 2641 606 2698 quem
621 2639 751 2682 errorem
771 2622 829 2698 ipsi
848 2623 962 2682 auctori
977 2640 1044 2680 cum
1057 2621 1209 2681 Perizonic
1224 2623 1361 2681 tribuere

188 2704 275 2770 nemo
295 2711 453 2786 dubitabit,
473 2711 663 2771 commissum
682 2712 801 2787 quidem
820 2713 857 2770 ab
877 2731 911 2770 ec
931 2731 990 2770 non
1009 2711 1189 2787 ignorantia,
1215 2715 1249 2770 ut
1267 2711 1361 2770 credi·
1462 2731 1465 2736 ⁴

189 2799 291 2876 derim,
316 2801 368 2860 sed
385 2800 478 2859 nimia
502 2800 702 2877 festinatione,
726 2819 792 2860 cum
818 2803 1034 2877 strategemata
1053 2799 1112 2858 alia
1131 2819 1166 2859 ex
1186 2801 1253 2860 aliis
1271 2800 1361 2860 libris
1464 2797 1465 2820 ¹

187 2890 219 2947 in
248 2890 367 2948 chartas
395 2889 488 2949 uariis
521 2889 707 2965 temporibus
738 2891 920 2967 transcripta
950 2891 985 2949 ad
1015 2892 1097 2948 certa
1125 2890 1248 2948 consilia
1281 2908 1360 2950 com-

188 2982 322 3055 poneret,
342 2981 496 3039 contextus
511 2999 612 3038 rerum
631 2985 685 3039 aut
702 2983 871 3056 temporam
889 2979 977 3038 unius
996 2979 1138 3055 cuiusque
1154 2978 1281 3054 exempli
1299 2999 1362 3038 non

187 3067 246 3126 iam
265 3087 387 3127 mernor.
1218 3089 1222 3100 ’

278 3157 370 3216 116616
393 3160 498 3217 auctor
520 3177 579 3217 non
599 3159 728 3218 confusis
749 3158 864 3219 duobus
888 3158 960 3217 uiris
987 3157 1119 3216 eiusdem
1137 3157 1280 3233 nominis,
1307 3157 1363 3217 sed

188 3247 323 3306 diuersae
339 3247 447 3306 aetatis
468 3252 538 3323 post
554 3251 582 3321 2,
593 3249 651 3323 5,8
672 3239 815 3328 (Halalae
833 3250 990 3322 imperator
1005 3246 1147 3307 Cimbrico
1162 3238 1246 3328 bello)
1266 3247 1297 3304 in
1312 3266 1363 3306 ex·-

189 3337 286 3412 emplo
308 3337 396 3412 2,5,9
413 3329 479 3414 (On.
488 3337 624 3404 Falnias,
644 3355 709 3396 cnm
720 3383 725 3396 .
738 3384 743 3395 .
756 3384 779 3396 ..
794 3339 933 3398 exercitas
942 3330 1139 3416 Faliscorum)
1154 3355 1262 3395 nomen
1276 3355 1363 3412 repe-

188 3425 267 3484 tiuit.
291 3423 402 3485 Ooutra
415 3430 536 3501 praeter
549 3427 792 3486 consuetudinem
806 3446 914 3486 nomen
928 3425 1076 3501 repetitur
1086 3427 1175 3502 2,8,6
1186 3426 1362 3485 Hiberiae.
1464 3421 1465 3426 '

188 3514 266 3574 Nam
289 3515 320 3573 in
348 3515 442 3576 altero
467 3517 601 3592 exemplo
625 3517 757 3574 eiusdem
781 3515 865 3574 ducis
888 3513 1004 3574 adiecto
1031 3516 1079 3574 uel
1103 3515 1212 3575 omisso
1240 3515 1362 3574 nomine

189 3605 273 3664 Idem
291 3604 436 3680 praeponi
455 3605 540 3678 solet,
564 3607 598 3662 ut
619 3608 646 3677 1,
667 3607 696 3677 5,
716 3607 757 3665 20
776 3604 936 3678 Spartacus
956 3607 983 3677 1,
1005 3606 1033 3680 5,
1054 3605 1092 3664 21
1114 3605 1198 3663 Idem
1218 3605 1245 3678 1,
1266 3605 1294 3676 5,
1316 3606 1360 3662 22
1464 3641 1465 3670 ss

188 3694 288 3765 lolem·
309 3696 337 3770 2,
349 3695 377 3766 5,
389 3696 428 3752 21
445 3695 599 3754 Hannibal
609 3696 637 3770 2,
649 3695 677 3770 5,
690 3696 730 3752 22
746 3695 830 3754 Idem
840 3695 993 3754 Hannibal
1009 3695 1037 3769 2,
1049 3696 1078 3768 5,
1094 3695 1134 3752 23
1149 3693 1234 3752 Idem
1243 3693 1363 3752 Hamri-

188 3783 742 3858 11612,5,2411111112,5,251616111
763 3784 925 3843 Hannibal.
971 3781 1036 3851 Qua
1060 3781 1096 3841 de
1126 3800 1217 3841 eausa
1242 3779 1363 3842 Ouden·
1464 3795 1465 3842 3

189 3871 310 3949 dorpius
330 3871 422 3931 etiam
441 3874 470 3949 2,
483 3874 540 3950 8,6
561 3873 625 3932 1666
644 3872 844 3947 praenominis
859 3873 902 3931 M.
923 3871 1106 3931 substituere
1120 3872 1204 3930 Idem
1218 3871 1361 3930 malebat.
1464 3857 1465 3936 i

189 3961 328 4022 Profecto
343 3961 372 4018 id
389 3965 588 4037 exspectatur,
608 3981 673 4020 cum
688 3963 732 4020 M.
748 3962 860 4021 Pharias
875 3965 903 4038 2,
915 3964 943 4038 8,
956 3964 973 4020 6
991 3953 1070 4040 (coll.
1086 3961 1150 4018 Liu.
1166 3963 1195 4037 6,
1207 3952 1265 4042 24)
1280 3961 1360 4020 1116111
1464 3975 1465 4044 j

189 4052 228 4110 sit
247 4050 298 4127 qui
312 4051 356 4108 M.
372 4050 485 4110 Farina
500 4049 642 4110 Camillae
662 4053 690 4126 2,
702 4053 761 4127 8,4
776 4043 857 4132 (coll.
873 4052 936 4109 Liu.
949 4053 977 4123 6,
989 4040 1089 4130 6-8)
1109 4048 1362 4124 interiectumque
1464 4069 1465 4120 fi

190 4141 357 4216 exemplum
378 4141 406 4217 2,
422 4142 450 4218 8,
467 4142 485 4198 5
505 4139 635 4199 alienum
660 4140 699 4200 sit
718 4136 769 4221 (cf.
785 4159 874 4216 snpra
888 4161 916 4216 p.
932 4130 1020 4220 333).
1045 4137 1240 4198 Considerata
1259 4143 1363 4197 tamen
1464 4151 1465 4204 1

189 4229 317 4302 ratione,
343 4249 402 4305 qua
422 4232 637 4307 strategemata
656 4230 819 4305 composita
837 4229 910 4302 sint,
936 4229 991 4288 hoc
1010 4229 1098 4287 facile
1121 4228 1164 4287 ita
1188 4227 1361 4304 explicabis
1464 4289 1465 4306 ,

280 4421 304 4484 1)
324 4417 354 4471 a.
375 4416 407 4471 6.
428 4417 465 4470 117
485 4423 544 4470 aaa.
