2948 5086
176 227 242 292 360
283 225 379 281 Golth.
395 225 604 281 Gundermanu:
620 224 732 291 eracst.
748 225 782 278 do
798 224 850 278 luli
865 223 992 278 Frontini
1006 225 1197 295 stratcganrat.
1213 223 1304 280 libris.
1433 3 1460 287 i

177 388 357 476 Dr·oyseu.¹)
392 394 605 454 Chremonides
624 397 725 453 autern
745 385 936 474 (246-239
957 413 983 453 a.
1003 387 1086 473 Chr.)
1106 396 1274 470 praefectus
1295 395 1364 455 fuit
1458 389 1460 418 ⁴

176 485 342 546 Ptolomaei
361 486 546 562 Euergetas,
570 485 652 561 regis
671 483 899 561 Aegyptiorum.
937 482 1066 553 Quodsi
1088 485 1166 543 idem
1186 487 1266 544 esset
1284 505 1362 544 cum

180 575 355 652 Charmade,
374 594 432 634 non
447 575 649 650 intellegeres,
669 592 721 632 cur
735 573 903 648 Frontinus¹
914 573 1038 632 dixisset
1052 573 1178 633 clamide
1193 576 1225 633 et
1237 575 1362 650 galeari

177 665 398 742 Aegyptium
412 664 595 740 praefectum
611 663 749 722 ornatum
764 662 857 722 fuisse
873 662 910 721 ad
925 662 1192 722 Macedonicum
1202 664 1361 738 habitum,

178 773 245 812 cum
259 757 363 812 eontra
376 755 456 830 ipsos
471 753 646 812 Macedonas
667 771 701 812 eo
721 755 855 829 tempore
871 745 1060 832 (246-239
1073 771 1098 813 a.
1110 746 1192 831 Chr.)
1208 752 1363 829 Aegyptii

177 843 290 902 ballum
314 845 462 919 gererent.
508 841 603 902 Immo
627 841 698 918 quia
723 841 952 900 Macedoniae
981 843 1087 908 ornatu
1112 842 1275 901 instructus
1304 842 1360 900 Ti-

177 934 316 992 marchus
339 953 394 1009 per
418 951 548 991 errorem
571 933 607 990 ut
626 929 807 990 Charmadas
831 931 862 989 in
885 934 1005 1006 portum
1029 934 1168 1006 receptus
1189 934 1243 1010 est,
1267 932 1358 1007 oppi-
1459 957 1460 986 u

178 1023 270 1082 danos
290 1042 308 1080 a
325 1025 411 1098 purte
425 1021 658 1080 Macedonum
678 1021 796 1078 stetisse
812 1023 865 1079 aut
880 1020 1090 1080 Macedones
1109 1019 1201 1079 fuisse
1216 1023 1246 1078 et
1260 1018 1359 1079 Char·
1458 1037 1460 1080 r

176 1112 294 1172 medem
305 1110 572 1170 Macedonicum
588 1110 681 1168 fuisse
695 1109 877 1184 praefectum
889 1112 985 1186 patet:
1005 1128 1076 1186 ergo
1090 1127 1150 1168 non
1160 1109 1358 1170 Ptolomaeus
1459 1121 1460 1170 l

177 1202 343 1277 Euergetes
367 1219 419 1259 rex
439 1200 584 1276 Aegypti,
611 1199 663 1257 sed
683 1197 874 1257 Ptolomaeus
893 1197 1047 1258 Ceraunus
1075 1217 1128 1257 rex
1148 1197 1289 1258 Thraciae
1310 1199 1358 1257 in-

179 1291 334 1366 tellegitur
354 1291 444 1367 atque
465 1291 649 1364 stratagema
664 1287 813 1346 Timarchi
828 1288 994 1363 perfectum
1014 1290 1059 1346 est
1073 1306 1150 1346 anno
1167 1290 1230 1347 280
1241 1307 1266 1346 a.
1274 1286 1359 1363 Chr,

178 1400 245 1439 cum
264 1380 453 1439 Ptolomaeus
474 1377 626 1438 Ceraunus
645 1376 803 1436 interfecto
823 1377 944 1436 Seleuco
964 1396 1090 1453 reguum
1109 1379 1284 1452 usurpasset
1305 1377 1357 1436 de-

181 1470 375 1544 fenderetque
394 1470 498 1528 eontra
517 1466 714 1543 Antigonum,
737 1467 788 1543 qui
807 1485 874 1526 cum
893 1465 1010 1526 Aetolis
1030 1484 1104 1542 quos
1123 1466 1154 1524 in
1173 1466 1282 1526 auxilio
1301 1467 1357 1524 ha·

180 1559 272 1618 bebat
291 1558 323 1616 in
342 1557 546 1616 Macedoniam
569 1549 748 1635 inruebat.²)
785 1555 834 1613 Ita
853 1557 953 1616 omnia
975 1556 1065 1630 plana
1085 1557 1156 1615 sunt
1174 1575 1270 1630 neque
1289 1557 1358 1614 ulla

179 1647 326 1706 dubitatio
350 1650 411 1723 est,
439 1646 511 1722 quin
534 1644 663 1719 Sanan,
692 1644 834 1721 oppidum
858 1644 1093 1719 Macedonicum,
1122 1648 1157 1703 ut
1179 1645 1357 1704 Ptolomaeo

178 1739 315 1812 ereptum
323 1733 804 1811 traderetAntigono,Timarchus
813 1733 1178 1809 Aetolusoccupaueritat
1187 1734 1357 1794 rectissime

180 1826 277 1885 editor
290 1826 342 1885 ille
352 1824 516 1900 Parisinus,
526 1824 666 1882 Budaeus
680 1823 1113 1898 puto,3orrioromeorrexe1it.
1128 1823 1249 1882 Errauit
1257 1823 1358 1899 igitur

178 1906 358 1995 Droyseu³),
378 1934 445 1974 eum
463 1914 519 1972 hoe
538 1914 722 1987 stratagema
735 1913 813 1972 inter
828 1932 920 1972 annos
937 1915 1000 1972 246
1011 1913 1043 1972 et
1053 1913 1115 1972 239
1128 1931 1154 1970 a.
1166 1911 1233 1971 Chr.
1248 1915 1358 1972 eontra

180 2005 318 2063 Samios
342 2004 511 2064 adhibitum
534 2021 600 2062 csse
624 2002 805 2077 opinaretur.
841 1992 959 2084 Idem⁴)
982 2021 1054 2061 num
1076 2000 1358 2080 reeteiudioauerit

179 2094 369 2152 Timarchum
394 2093 536 2152 Aetolum
560 2091 639 2167 apud
662 2091 839 2150 Frontinum
860 2095 887 2168 3,
902 2095 979 2168 2,11
1003 2094 1033 2150 et
1060 2091 1244 2166 Polyaenum
1264 2091 1293 2166 5,
1310 2093 1355 2150 25

180 2183 306 2241 eundem
326 2201 399 2255 esse,
425 2181 545 2240 difficile
566 2185 612 2240 est
631 2180 720 2253 dictu,
744 2181 815 2256 quia
833 2181 1002 2258 Polyaenus
1020 2199 1128 2256 parum
1147 2182 1285 2238 accurate
1305 2181 1357 2238 de-

179 2272 296 2331 finitam
318 2291 382 2330 rem
404 2274 520 2331 narrat:
549 2269 625 2328 nihil
647 2269 768 2345 quidem
793 2268 906 2347 obstat,
936 2270 1093 2347 quominus
1118 2269 1244 2327 eundem
1267 2271 1298 2326 et
1323 2269 1358 2328 in

179 2362 353 2420 Macedonia
373 2362 403 2419 et
416 2361 447 2419 in
462 2360 535 2420 Asia
550 2363 654 2418 contra
668 2359 875 2418 Ptolomaeum
890 2358 1059 2419 Ceraunum
1075 2358 1178 2417 eodem
1194 2377 1271 2416 anno
1288 2360 1358 2418 280

179 2470 205 2508 a.
226 2449 293 2509 Chr.
312 2469 462 2526 pugnasse
481 2449 645 2508 credamus

269 2538 325 2597 His
344 2539 440 2616 igitur
453 2557 529 2614 quae
544 2538 671 2596 disserui
691 2538 763 2596 satis
783 2538 1002 2596 demonstrasse
1025 2537 1098 2595 mihi
1118 2537 1230 2607 uideor,
1249 2554 1359 2596 eorum

180 2648 256 2704 quae
275 2628 364 2686 aliter
382 2627 462 2703 apud
481 2626 659 2686 Frontinum
683 2629 773 2702 atque
793 2626 872 2701 apud
896 2631 1010 2686 ceteros
1030 2627 1190 2701 scriptores
1209 2626 1359 2700 leguntur

180 2722 296 2796 partem
325 2717 484 2777 admodum
513 2716 651 2791 exiguam
676 2735 694 2774 a
720 2716 852 2774 librariis
882 2718 1095 2775 commutatam
1124 2718 1155 2774 et
1182 2718 1359 2789 corruptam
1455 2729 1459 2737 “

181 2825 260 2882 esse;
283 2826 440 2866 numerum
463 2806 515 2864 uix
537 2805 680 2863 maiorem
705 2805 913 2882 indiligentiae
938 2805 1040 2864 debari
1064 2808 1154 2880 atque
1174 2803 1267 2863 errori
1286 2823 1358 2862 auc-

180 2897 267 2974 toris3
295 2898 412 2972 partem
436 2897 524 2971 longa
548 2895 707 2953 maximam
728 2915 746 2953 a
764 2895 898 2954 fontibus
923 2894 1070 2971 originem
1094 2894 1201 2953 ducere
1226 2893 1360 2952 diuersis

180 3005 276 3061 neque
295 2986 354 3044 iarn
374 2985 570 3045 exstantibus
606 2984 751 3059 Exempla
770 2988 871 3042 autem
890 2985 969 3043 haud
991 3002 1086 3058 pauca
1105 3002 1172 3042 eum
1190 2981 1360 3042 Frontinus

181 3096 217 3135 ex
235 3074 347 3134 uilibus
372 3073 544 3150 corporibus
568 3072 716 3132 dictorum
735 3076 765 3132 et
785 3074 931 3140 factorum
955 3073 1119 3150 colligeret,
1142 3071 1207 3130 fieri
1225 3091 1285 3130 non
1305 3091 1361 3146 po-

181 3165 249 3240 tuit,
269 3164 340 3240 quin
359 3163 390 3222 id
409 3181 502 3241 genus
522 3164 758 3238 stratagematon
777 3181 844 3221 cum
862 3162 920 3222 fide
939 3161 1084 3222 historiae
1103 3159 1222 3236 saepius
1241 3160 1361 3220 dissen-

182 3253 253 3312 tiret
272 3253 482 3330 erroribusque
502 3251 594 3311 uariis
614 3251 787 3312 abundaret.

256 3437 260 3441 ’
288 3476 417 3546 reesa
438 3475 638 3531 suerranum
664 3475 704 3528 ur
724 3475 760 3540 1²
780 3481 831 3530 40⁷
851 3475 931 3528 Anu
954 3481 1000 3528 1
1006 3482 1031 3528 2

335 3548 353 3602 f.
373 3547 506 3617 Droyseu,
526 3549 625 3602 Geseh.
646 3549 672 3602 d.
692 3545 1027 3616 Hellenism.112²‚.330
1048 3551 1108 3600 332.
1128 3543 1294 3612 1111²‚1sa.

271 3485 333 3616 i)e

272 3620 374 3688 3)l.l.
393 3619 431 3673 lll
430 3567 485 3685 y,1¹
500 3625 551 3674 399
570 3620 650 3672 Anm.
668 3625 690 3674 1.
710 3623 763 3672 404
781 3618 862 3672 Anni
878 3625 902 3672 3.

271 3690 374 3760 4)l.l.
395 3696 446 3744 399
465 3662 546 3746 lium.
563 3696 586 3744 1.
606 3695 658 3743 404
679 3690 757 3744 Anm
774 3695 798 3742 3.

671 3973 868 3996 ..--—4-·-—
