2948 5086
194 239 260 302 324
590 235 760 291 Gottholdus
780 235 990 291 Gundermann:

193 410 288 469 soluta
312 408 438 482 tpuiea,
465 406 552 464 audis
568 406 693 478 pedibus
717 407 749 463 io
760 407 919 479 principiis
937 407 1037 465 cotidie
1053 410 1148 474 stare,
1176 408 1246 467 dum
1272 410 1376 483 uipites

192 501 332 564 ueaireut,
351 498 448 562 iussit,
467 496 611 554 eouuiuiis
629 498 655 553 et
672 495 772 554 taiueo
792 496 949 566 aestiuare·
967 495 1003 554 of.
1019 497 1047 568 4,
1065 498 1137 570 1,1.
1156 498 1185 573 4,
1203 500 1231 571 1,
1247 499 1275 558 6.
1295 500 1324 572 4,
1347 502 1375 574 1,

196 589 246 647 37.
270 588 341 664 4,1,
356 576 426 666 46).
463 583 521 642 Sed
541 601 576 642 ea
595 583 695 642 omnia
713 583 850 660 quamuis
870 583 992 644 diuersa
1011 584 1071 644 sint
1090 603 1109 644 a
1127 604 1263 646 sermone
1282 584 1375 646 Fron-

196 676 267 754 tini,
290 694 350 734 non
368 679 470 736 tamen
493 672 680 732 alienarunt
703 675 741 733 ab
760 672 824 731 eius
850 675 963 750 aetate;
983 677 1014 732 et
1033 667 1256 756 Woelfflinns¹)
1275 676 1374 736 faeere
1453 681 1454 684 ’

195 784 255 824 non
274 765 383 840 potuit,
402 761 474 838 quin
493 762 530 822 de
549 780 658 838 genere
678 760 795 821 dicendi
809 762 1054 822 Pseudofrontini
1073 763 1232 824 iudicaret:
1252 767 1372 825 audrer·

195 857 263 916 seits
285 855 334 914 trat
353 852 579 925 Pseudofroutiu
606 853 688 910 eiaeu
714 852 860 911 teidtieteu
888 851 943 912 Stil
963 853 1151 927 pesetriebeu.
1189 852 1274 923 Quod
1292 854 1373 913 idern

197 943 331 1020 monuit,
358 944 389 1001 in
409 940 553 1016 exemplis
581 941 620 1013 4,
643 944 679 1014 1,
701 943 742 1000 10
761 933 870 1021 (ditum
888 934 987 1023 amru)
1006 944 1038 1000 et
1056 944 1149 1020 4,1,
1168 945 1210 1002 32
1235 934 1374 1022 (fratreri

197 1025 298 1112 muru)
317 1049 480 1108 pronomen
495 1047 582 1090 suurn
600 1027 753 1089 abundare
776 1031 811 1088 ut
825 1031 904 1105 apud
914 1030 1106 1106 Anonymum
1129 1032 1165 1090 de
1184 1031 1239 1090 uir.
1259 1031 1300 1092 ill.
1321 1027 1373 1111 (ef.

197 1121 303 1181 Rhein.
323 1121 399 1180 Mus.
420 1122 476 1196 29,
496 1121 560 1178 292
577 1110 654 1201 sqq.)
675 1118 808 1195 aliosque
833 1122 969 1180 auctores
993 1120 1166 1195 posterioris
1185 1121 1308 1194 aetatiS,
1338 1141 1375 1181 ex

199 1230 234 1270 eo
253 1211 327 1269 nihil
347 1209 466 1269 omnino
486 1207 628 1268 efficitur:
653 1227 721 1266 nam
744 1208 824 1268 idem
848 1227 920 1270 usus
940 1209 1069 1270 occurrit
1092 1210 1182 1270 etiam
1206 1210 1285 1286 apud
1304 1209 1376 1269 Vel-

198 1291 324 1380 1111ηωῖ)
344 1303 375 1359 et
394 1297 567 1373 saepissime
585 1297 666 1373 apud
685 1295 855 1357 Cornelium
875 1298 1030 1374 Nepotem.
1038 1290 1064 1379 ³)

289 1388 418 1448 Grauius
433 1387 561 1461 uidetur,
581 1387 660 1462 quod
674 1405 731 1446 usu
744 1387 1030 1464 plusquamperfeoti
1044 1388 1226 1448 coniunctiui
1240 1389 1374 1449 Pseudo·
1456 1405 1457 1486 q

199 1478 348 1538 frontinus
367 1497 385 1538 a
403 1475 547 1536 Frontino
563 1475 669 1535 differt.
697 1473 776 1534 Nam
788 1478 816 1553 4,
826 1480 855 1550 1,
865 1478 908 1536 44
923 1477 1037 1536 codices
1048 1478 1235 1538 traduntsie:
1254 1480 1324 1538 dura
1338 1497 1378 1538 ue

198 1571 263 1642 quis
272 1585 370 1628 edura
379 1582 497 1626 muuere
505 1569 636 1624 uacaret.
644 1570 722 1626 ..aut
730 1569 762 1625 iu
771 1567 894 1625 Italiam
903 1571 1107 1640 reportaretur,
1116 1569 1186 1627 dum
1195 1568 1284 1628 Poeui
1297 1570 1329 1627 iu
1340 1587 1376 1627 ea

198 1660 359 1732 fuisseut.
386 1655 549 1730 Exspectas
567 1672 638 1714 sane
648 1673 702 1730 pro
712 1655 1006 1732 plusquamperfecto
1024 1659 1148 1730 fuisseut
1165 1656 1375 1732 imperfectum
1457 1688 1458 1734 q

199 1751 298 1813 esseut,
313 1745 401 1804 sicuti
416 1744 541 1803 eandem
551 1762 614 1801 rem
623 1747 780 1802 narrantes
793 1745 907 1804 habent
916 1744 1022 1802 Liuius
1034 1747 1084 1820 25,
1096 1746 1181 1807 3-7
1194 1749 1225 1805 et
1234 1745 1375 1805 Valerius
1457 1735 1458 1742 ¹

199 1835 346 1895 Maximus
359 1837 386 1908 2,
399 1838 427 1910 7,
440 1833 493 1892 15:
508 1832 569 1890 iam
587 1851 622 1891 ex
640 1832 692 1891 illo
703 1834 773 1908 quia
791 1833 958 1909 exemplum
971 1834 1114 1892 haustum
1132 1835 1253 1893 uidetur
1264 1866 1305 1876 -
1315 1855 1377 1896 non

200 1929 299 1984 autem
320 1943 356 1983 ex
377 1922 441 1981 Val.
463 1924 490 1995 2,
513 1923 540 2000 7,
561 1923 600 1980 15
620 1921 716 1998 fiuxit,
734 1925 769 1981 ut
788 1922 909 1981 Curtius
928 1915 1158 2004 Wachsmuth4)
1177 1924 1283 1998 uoluit,
1303 1925 1374 2000 quia

199 2015 241 2074 ibi
260 2014 396 2074 eonsules
414 2030 475 2071 non
492 2013 697 2070 memorantur
714 2043 751 2051 —
769 2011 800 2070 in
818 2011 1111 2089 plusquamperfecto
1130 2013 1225 2089 ipsius
1244 2013 1375 2073 Pseudo·

200 2103 324 2163 frontini
342 2120 416 2160 usus
436 2100 575 2160 cernitur.
612 2099 725 2158 Iniuria
744 2101 935 2160 sanissimum
955 2102 1051 2159 locum
1072 2104 1253 2177 temptatum
1272 2121 1337 2162 esse
1357 2122 1376 2162 a

200 2191 388 2269 Dederiehio,
409 2191 459 2268 qui
478 2188 569 2249 tacite
589 2193 660 2248 esset
678 2189 808 2264 scripsit,
828 2193 859 2248 et
877 2209 895 2248 a
914 2187 1062 2249 Guilelmo
1082 2190 1198 2267 Hartel,
1218 2191 1269 2267 qui
1292 2191 1377 2268 inge-

201 2281 314 2341 niosius
343 2299 433 2356 quam
460 2277 572 2338 rectius
602 2279 671 2338 dum
689 2278 779 2338 Poeui
806 2280 873 2339 iude
900 2282 1023 2338 euasere
1046 2279 1184 2356 coniecit,
1209 2285 1377 2356 coarguunt

202 2365 336 2431 eiusdem
355 2369 474 2446 generis
493 2369 579 2427 haec:
600 2369 635 2442 4,
656 2368 685 2443 5,
706 2369 722 2426 7
745 2371 857 2428 etiamsi
874 2370 983 2428 aemioi
1001 2371 1041 2428 ad
1059 2371 1265 2443 erumpendum
1284 2372 1375 2430 auda-

201 2465 247 2522 cia
264 2462 411 2534 fuisset·
431 2460 531 2536 4,3,3
551 2453 661 2516 Atilius
670 2457 809 2530 Repetas,
828 2475 893 2517 eum
906 2461 1027 2518 summis
1040 2459 1126 2518 retus
1138 2461 1375 2533 praefuisset,

202 2552 273 2611 adeo
290 2566 408 2623 pauper
430 2549 488 2621 fuit
503 2592 508 2604 .
525 2593 531 2606 .
547 2567 575 2616 .‚·
594 2548 628 2621 4,
649 2548 682 2619 7,
704 2550 721 2607 7
747 2549 885 2606 aeratus
907 2565 975 2606 suos
997 2549 1131 2608 uiseudos
1149 2550 1378 2621 speculatoribus

202 2657 315 2706 cuum,
334 2639 462 2711 quotieas
479 2637 691 2702 uoluissent,
704 2639 823 2710 patere;
842 2637 876 2710 4,
898 2638 925 2709 7,
947 2639 1001 2697 17:
1020 2639 1070 2710 qui
1088 2639 1119 2696 iu
1137 2638 1247 2711 saputis
1264 2639 1378 2711 fureas

201 2729 309 2802 fibulas
326 2728 546 2792 habuissent,
565 2726 689 2798 iuterrtci
707 2727 799 2784 iussit.
845 2723 901 2784 His
920 2724 993 2785 loeis
1013 2725 1150 2785 omnibus
1169 2726 1377 2786 coniunctiuus

202 2816 369 2894 imperfecti
395 2816 592 2891 exspectatur.
638 2812 735 2883 Quam
766 2814 1029 2874 commutationem
1058 2834 1125 2874 eum
1152 2818 1269 2875 constet
1296 2817 1379 2892 apud

201 2909 340 2967 auctores
358 2903 533 2982 posterioris
556 2903 665 2962 aetatis
684 2903 944 2981 percrebrescere,
971 2903 1016 2964 ita
1034 2908 1069 2964 ut
1093 2903 1154 2963 illis
1182 2906 1378 2984 temporibus,

204 2996 313 3073 quibus
337 2995 460 3071 linguae
483 2992 662 3052 Romanioae
685 2993 809 3052 formari
832 2993 1049 3069 inciperentur,
1069 2993 1275 3054 coniunctiuus
1294 2996 1377 3071 plus-

203 3084 420 3163 quampert‘eeti
440 3083 521 3142 solus
535 3081 567 3139 in
581 3100 637 3140 usu
648 3081 769 3157 uulgari
788 3085 877 3158 esset,
896 3081 1102 3142 coniunctione
1121 3083 1288 3159 imperfecti
1308 3103 1378 3143 eua-

203 3175 335 3252 nuisset,
360 3171 493 3233 conicere
518 3173 604 3248 potes
627 3171 838 3231 nonnullorum
858 3172 1042 3231 saeculorum
1068 3173 1227 3232 interuallo
1246 3173 1380 3234 Pseudo-

204 3264 367 3325 frontinum
398 3261 510 3321 distare
538 3279 557 3320 a
584 3260 738 3320 Frontino.
783 3260 826 3320 At
858 3261 962 3321 eadem
990 3263 1173 3321 consuetudo
1201 3262 1262 3321 iam
1296 3264 1378 3338 apud

205 3354 333 3429 optimos
347 3353 485 3412 auctores
499 3350 661 3426 inuenitur,
679 3352 714 3409 ut
729 3349 848 3427 egregie
862 3349 989 3410 Fothiue
995 3341 1022 3432 ⁵)
1038 3350 1262 3412 demonstrauit.
1291 3351 1376 3411 Idem

204 3443 313 3518 docuit,
332 3442 363 3500 in
382 3444 517 3516 tempore
530 3440 683 3515 praesenti
702 3459 804 3499 eorum
819 3439 988 3514 uerborum,
1008 3459 1134 3516 quorum
1152 3441 1380 3517 plusquamper-

185 3598 188 3604 ,
205 3533 447 3607 fectumpraeter
457 3529 766 3605 consuetudinempro
776 3529 1129 3604 imperfectoponitur,ut
1139 3530 1249 3606 uelle,
1260 3549 1379 3604 posse,

206 3640 300 3698 esse,
319 3621 452 3681 habere
473 3610 506 3699 (l.
525 3619 543 3678 1.
563 3639 591 3694 p.
611 3612 699 3697 314),
718 3619 780 3677 uim
799 3619 949 3694 quandam
966 3619 1167 3678 incohatiuam
1187 3619 1285 3680 inesse
1304 3611 1338 3699 (1.
1358 3621 1380 3680 l.

338 3862 455 3916 Hermes
466 3859 514 3913 'IX
532 3867 574 3916 90.

341 3933 460 4000 Fritech,
479 3931 549 3986 iiber
568 3932 623 3986 den
643 3931 825 4002 Spraohgebr.
845 3933 894 3986 des
913 3930 985 3985 Voll.
1004 3930 1064 3984 Pat.
1087 3936 1162 3984 1876.
1183 3949 1209 4000 p.
1231 3935 1272 3985 15.

342 4003 373 4059 B.
393 4003 497 4074 Lupus,
516 4005 566 4058 der
585 4003 769 4073 Spraohgebr.
789 4003 838 4058 des
858 4002 938 4057 Corn.
958 4003 1052 4071 Nepos
1073 4007 1148 4056 1876.
1169 4020 1195 4071 p.
1216 4007 1275 4056 107.

295 4082 312 4129 4
341 4074 441 4130 Rhein.
460 4076 529 4131 Mus.
548 4075 598 4129 XV
619 4080 679 4130 579.

297 4149 324 4215 ὅ)
343 4146 506 4215 roriflua
534 4145 747 4214 Versehiebung
774 4143 954 4200 lateinischer
977 4146 1117 4214 Tempora
1140 4144 1169 4198 in
1194 4144 1247 4198 den
1271 4162 1380 4199 roman.

208 4219 351 4290 Spraohen
371 4219 496 4286 (Roman.
509 4217 633 4284 Studien,
652 4217 816 4287 herausgeg.
832 4233 886 4272 von
900 4215 931 4272 Ε.
942 4215 1093 4283 Boehmer;
1112 4215 1162 4269 Bd.
1173 4215 1198 4267 11
1214 4233 1243 4284 p.
1255 4222 1307 4270 243
1318 4233 1381 4296 sqq.

210 4291 303 4358 1877);
323 4290 356 4344 cf.
376 4287 410 4344 H.
429 4289 604 4356 Ehrismann,
624 4289 658 4342 de
677 4289 836 4358 temporum
851 4290 880 4342 et
892 4289 1038 4344 modorum
1056 4307 1107 4342 usu
1125 4286 1290 4341 Ammianeo
1310 4289 1382 4356 (dre-

209 4363 273 4415 sert.
295 4361 409 4428 Argent.
429 4361 453 4414 X
474 4362 535 4431 145)
557 4363 634 4416 1886.
653 4390 687 4401 -
707 4359 791 4426 Sitti,
810 4359 856 4413 die
874 4361 984 4415 localen
1002 4360 1116 4414 Vereeh.
1135 4357 1185 4413 der
1203 4357 1298 4413 latein.
1319 4359 1383 4428 Spr.
