2948 5086
200 221 264 285 346
586 219 756 276 Gottboldus
775 218 985 274 Gundermann:

288 390 324 448 In
357 390 492 464 exemplo
521 391 555 465 4,
580 391 615 468 5,
641 393 658 449 7
688 391 722 448 de
749 390 947 448 cunctantibus
978 387 1051 446 XII
1083 389 1198 446 munina
1227 390 1387 461 equitibus,

199 480 228 539 L
242 481 389 553 peditibus
407 481 457 552 qui
476 481 607 538 comitari
625 481 797 539 sustinerent
815 479 944 552 repertis,
964 477 1119 536 incolumes
1133 475 1295 536 Omusium
1309 496 1386 552 per-

199 573 340 628 uenerunt
358 587 500 627 numerus
519 587 636 646 eorum,
655 568 706 643 qui
724 569 793 643 post
812 567 925 626 cladem
949 564 1134 625 Cannensem
1154 584 1190 625 ex
1208 566 1386 627 minoribus

200 659 308 718 castris
327 656 488 717 Canusium
507 658 716 734 perfugerant,
734 657 824 716 ualde
842 656 943 715 differt
961 651 999 714 ab
1019 674 1067 732 eo,
1087 674 1174 733 quem
1196 654 1300 716 Liuius
1323 659 1383 734 22,

201 749 253 824 50,
270 751 308 806 11
327 746 433 806 tradit:
452 749 483 806 in
501 749 615 806 maiora
629 751 726 806 custru
744 747 788 806 ud
801 744 864 804 DC
877 749 1037 812 cuusuunt,
1057 749 1141 818 utque
1158 746 1226 804 inde
1237 749 1387 819 protinus

201 838 260 896 ulio
285 854 389 912 mupnc
419 838 532 910 upmine
554 837 689 896 adiuncto
709 834 870 895 Canusium
892 835 1048 894 incolumes
1066 836 1249 907 perueniunt.
1289 835 1387 894 Unde

201 925 355 985 Rubenius
369 928 400 984 et
414 925 546 990 Eussner
560 944 716 984 numerum
731 922 779 984 DC
790 924 880 983 etiam
895 923 974 999 apud
985 921 1268 982 Pseudoiroutinum
1279 926 1386 984 latere

201 1016 398 1075 coniecerunt.
426 1015 467 1073 Et
485 1014 623 1073 dubitare
642 1016 739 1091 potes,
757 1032 797 1073 au
809 1013 854 1072 ita
867 1012 1056 1072 scribendum
1071 1012 1119 1085 sit,
1139 1013 1209 1088 quia
1227 1012 1258 1071 iu
1276 1013 1384 1089 priore

200 1107 287 1180 parte
311 1104 439 1179 exempli
459 1105 494 1176 4,
513 1105 541 1179 5,
563 1108 580 1164 7
605 1123 665 1164 non
687 1122 734 1163 res
758 1105 877 1162 tantum
899 1103 987 1178 plane
1012 1121 1078 1160 oum
1101 1100 1182 1160 Liuii
1204 1104 1385 1162 narratione

202 1193 348 1270 congruit,
364 1192 416 1252 sed
431 1193 522 1252 etiam
536 1196 629 1254 uerba
643 1192 789 1270 quaedam
803 1191 974 1252 concinunt:
990 1191 1026 1250 cf.
1041 1190 1250 1252 Pseudofrout.
1264 1195 1362 1252 strin
1371 1227 1386 1238 -

198 1287 320 1356 percnt
334 1283 475 1356 pladios
494 1287 519 1341 et
539 1301 602 1358 per
626 1283 776 1342 bostium
793 1282 983 1355 praesidia
1006 1285 1227 1354 erumperent
1249 1300 1385 1349 secum,

68 1367 78 1386 ⁸
201 1374 233 1431 id
250 1374 305 1431 sibi
319 1373 412 1431 animi
425 1389 493 1439 csse,
512 1374 625 1432 etiamsi
637 1373 746 1431 nerunt
765 1372 809 1432 ud
827 1371 1075 1445 erumpendum
1093 1369 1247 1430 audacia
1263 1373 1383 1445 fumsct,

201 1462 391 1534 adfirmantes
410 1479 476 1520 cum
496 1460 561 1520 Liu.
578 1463 628 1537 22,
644 1462 696 1538 50,
711 1463 729 1520 8
749 1477 815 1534 per
832 1462 906 1529 bos,
929 1461 979 1533 qui
997 1460 1157 1519 inordinati
1175 1463 1259 1533 utque
1276 1464 1383 1522 incon-

195 1553 286 1624 positi
310 1552 475 1624 obstrepunt
494 1553 602 1624 portis,
629 1567 860 1624 erumpamus.
896 1551 1082 1623 ferrumque
1100 1549 1255 1609 audacia
1271 1553 1325 1610 uiu
1344 1553 1385 1623 fit

201 1641 336 1713 momnis
359 1640 585 1713 percensentes
607 1641 734 1709 bestia·
825 1641 920 1712 itaque
943 1640 989 1698 ite
1010 1655 1140 1697 mecum
1158 1677 1166 1699 .
1181 1683 1210 1696 ..
1234 1639 1302 1700 baec
1326 1642 1384 1700 ubi

200 1731 278 1789 dictu
300 1729 390 1796 dedit,
413 1731 560 1804 strinpit
580 1730 746 1803 plautum.
783 1727 826 1787 At
844 1727 974 1803 pendere
992 1727 1070 1788 huns
1089 1745 1125 1786 ex
1143 1727 1196 1785 illo
1214 1729 1379 1803 quominus
1462 1703 1464 1828 1

201 1817 365 1877 efficiamus
384 1818 433 1876 uel
451 1817 483 1876 id
502 1819 616 1898 obstat,
634 1818 714 1894 quod
734 1817 813 1892 apud
826 1817 947 1876 Liuium
967 1819 1018 1891 22,
1034 1816 1084 1892 50,
1101 1817 1119 1874 6
1139 1816 1172 1876 Ρ.
1187 1815 1382 1893 Sempronius
1463 1829 1464 1832 ’

202 1907 365 1967 Tudttdnus
383 1908 516 1985 tribunus
533 1909 666 1976 miiitum,
685 1907 765 1984 apud
784 1906 863 1966 huno
880 1905 1068 1980 Sempronius
1088 1905 1251 1966 Tuditanus
1269 1913 1298 1968 et
1313 1903 1379 1968 Cm

202 1995 372 2056 Octauius
403 1998 513 2056 tribuni
543 1999 667 2057 miiitum
694 1995 910 2057 commilitones
945 1995 1083 2054 eduxisse
1111 1994 1257 2071 feruutur
1276 2015 1382 2073 neque
1464 2073 1465 2082 ¹

201 2086 328 2160 suspicio
348 2088 395 2144 est
412 2104 520 2144 nomen
535 2084 587 2146 Cn.
602 2084 711 2146 Octaui
730 2086 768 2144 ab
788 2086 843 2145 hoe
857 2085 960 2144 fiotum
974 2103 1049 2144 esse.
1080 2083 1181 2143 Etiam
1199 2086 1378 2160 posterioris

200 2175 295 2250 partis
315 2177 408 2234 uerba
431 2177 586 2235 mcolumes
605 2173 767 2235 Genusium
784 2178 982 2248 peruenerunt
1004 2172 1079 2232 miro
1104 2173 1191 2234 modo
1215 2176 1379 2236 concinunt

201 2263 483 2340 eumLiu.22,50,
500 2267 538 2323 11
562 2263 724 2324 Canusium
742 2265 897 2323 incolumes
910 2265 1094 2337 perueniunt,
1115 2281 1182 2321 oum
1200 2267 1300 2324 tamen
1320 2286 1380 2326 nee

200 2372 343 2411 numerus
363 2354 583 2428 erumpentium
606 2372 661 2428 par
686 2354 726 2413 sit
748 2370 803 2411 nec
821 2353 968 2411 maiorum
990 2352 1102 2411 mentio
1125 2351 1180 2413 fiat
1198 2359 1379 2432 castrorum,

200 2443 245 2500 uti
264 2442 344 2517 apud
363 2441 482 2500 Liuium
505 2444 746 2520 22,50,4.11.’
775 2441 821 2502 Ι)ο
844 2443 900 2501 hoo
924 2441 1139 2517 strategemate
1162 2442 1305 2520 Polybius
1330 2438 1380 2522 (3,

203 2534 274 2607 117,
291 2524 415 2610 8—11)
435 2531 552 2590 omnino
573 2533 666 2607 tacet3
684 2532 840 2607 Appianas
860 2522 973 2612 (Hann.
995 2532 1045 2606 26,
1065 2530 1131 2590 coll.
1148 2525 1204 2614 24)
1224 2552 1304 2610 uero,
1325 2534 1380 2610 qui

200 2624 231 2678 et
254 2620 319 2696 ipse
344 2623 448 2678 narrat
470 2620 501 2678 P.
523 2619 732 2696 Sempronium
756 2620 982 2695 erumpentibus
1002 2619 1108 2678 ducem
1126 2621 1233 2698 fuisse,
1257 2624 1307 2681 sed
1329 2642 1379 2682 eo·

201 2729 268 2767 rum
292 2711 409 2768 tantum
432 2709 484 2785 qui
508 2709 539 2767 in
557 2710 721 2769 maioribus
740 2710 847 2769 castris
865 2709 1006 2784 fuissent,
1033 2709 1150 2769 decem
1175 2711 1250 2770 fere
1273 2712 1380 2771 milia

201 2798 362 2858 Carrusium
391 2798 560 2875 perfugisse
588 2798 673 2858 dicit:
708 2816 766 2874 quo
794 2809 917 2858 numero
947 2798 1074 2858 fortasse
1102 2816 1152 2858 eos
1181 2801 1271 2860 simul
1299 2820 1379 2860 com-

200 2887 371 2963 prehendit,
400 2906 474 2963 quos
502 2907 626 2947 numero
654 2892 797 2964 quattuor
824 2888 907 2948 milia
938 2889 1082 2946 ducentos
1114 2891 1235 2964 postero
1264 2889 1311 2949 die
1342 2911 1379 2951 ex

200 2977 362 3036 maioribus
382 2977 489 3036 eastris
509 2975 672 3036 Canusium
689 2977 858 3057 perfugisse
879 2977 982 3036 Liuius
998 2979 1050 3053 22,
1064 2977 1116 3054 52,
1136 2980 1156 3036 4
1175 2980 1278 3038 refert.
1310 2980 1377 3040 Nee

200 3066 268 3141 plus
288 3085 324 3124 ex
343 3084 377 3126 eo
396 3066 556 3143 colligitur,
576 3066 655 3142 quod
674 3066 778 3125 Liuius
794 3070 845 3141 22,
861 3068 913 3145 52,
929 3067 1014 3126 1-3
1036 3068 1066 3124 et
1085 3066 1241 3143 Appianus
1260 3069 1280 3130 l.
1299 3070 1318 3128 1.
1340 3071 1378 3128 de

201 3155 364 3214 minoribus
384 3155 490 3214 eastris
510 3159 630 3230 postero
650 3156 698 3215 die
717 3157 811 3232 captis
830 3159 962 3216 narrant.
1002 3153 1060 3214 Sed
1084 3156 1209 3232 despero
1228 3159 1377 3218 narratio-

200 3264 268 3303 nem
292 3243 535 3303 Pseudofrontini
563 3247 682 3304 omnino
707 3245 815 3322 corrigi
843 3263 944 3322 posse,
971 3247 1006 3304 ut
1033 3261 1100 3303 cum
1124 3246 1169 3304 bis
1192 3247 1377 3308 testimoniis

200 3334 319 3409 aliisue,
344 3333 369 3393 si
393 3352 469 3409 quae
494 3334 567 3407 sint,
592 3335 691 3410 aliquo
715 3334 802 3394 modo
826 3335 1000 3394 consentiat.
1037 3333 1133 3395 Immo
1152 3336 1311 3396 diuersitas
1331 3338 1378 3396 ita

83 3417 90 3422 ’
198 3427 270 3482 nata
295 3441 360 3482 esse
385 3422 459 3481 mihi
484 3422 617 3502 uidetur,
645 3426 680 3482 ut
706 3423 815 3500 aliquis
841 3428 945 3484 auctor
970 3442 1128 3483 numerum
1155 3426 1378 3502 erumpentium

201 3531 235 3571 ex
262 3512 428 3571 minoribus
453 3514 557 3574 eastris
583 3513 750 3573 confuderit
773 3531 839 3573 eum
866 3514 923 3593 eie,
950 3512 1000 3588 qui
1028 3512 1194 3590 fugientem
1222 3515 1377 3574 consulem

199 3600 231 3661 Ο.
255 3601 430 3660 Terentium
454 3601 620 3661 Varronem
644 3603 740 3662 secuti
767 3605 844 3661 sunt.
883 3600 958 3661 (lum
986 3620 1020 3661 eo
1043 3601 1237 3662 Venusiam
1260 3604 1378 3681 fugisse

199 3690 468 3768 quinquaginta
491 3692 554 3751 fore
573 3691 717 3768 equites
736 3689 841 3751 Liuius
861 3683 927 3772 (22,
947 3691 999 3766 49,
1019 3692 1069 3750 14.
1090 3693 1141 3768 50,
1162 3686 1205 3772 3),
1225 3697 1377 3768 septua-

199 3780 303 3857 ginta
322 3778 464 3857 equites
482 3780 627 3857 Polybius
647 3772 781 3864 (3,116,
799 3783 849 3840 13.
866 3783 939 3858 117,
955 3773 989 3860 2)
1007 3781 1116 3840 tradit:
1138 3801 1234 3858 neque
1252 3782 1379 3842 nomina

199 3870 375 3946 oppidorum
405 3887 501 3947 neque
524 3888 637 3947 genera
659 3869 790 3928 militum
814 3871 918 3930 eadem
943 3871 1029 3944 sunt,
1058 3870 1109 3929 sed
1137 3889 1281 3932 numerus
1306 3891 1379 3948 sup·

199 3961 325 4035 parcet.
359 3957 443 4016 Idem
462 3958 606 4019 Varronis
630 3960 753 4018 eomites
777 3959 916 4036 intellegi
940 3960 1080 4018 uidentur
1103 3958 1182 4035 apud
1200 3959 1379 4036 Appianum

199 4049 295 4107 Hann.
312 4050 353 4107 24
374 4049 446 4106 extr.
466 4043 570 4120 ὀλίγοι
589 4042 621 4107 δ’
640 4045 674 4108 ἐ(
695 4045 847 4109 Κανύειον
871 4045 1040 4123 διέδραεαν
1049 4040 1088 4128 ¹),
1116 4050 1255 4125 quoniam
1274 4053 1307 4108 et
1325 4070 1377 4109 eo-

199 4137 266 4196 dem
285 4138 387 4197 ordine
407 4157 465 4212 quo
484 4138 562 4213 apud
581 4136 701 4197 Liuium
722 4140 771 4211 22,
792 4140 843 4212 49,
864 4140 995 4198 13-14
1014 4141 1084 4212 post
1102 4156 1167 4212 eos,
1187 4139 1237 4214 qui
1257 4137 1379 4198 Cannas

200 4277 256 4284 ..a—-

288 4345 314 4413 1)
333 4343 367 4396 oi.
389 4343 483 4412 Polyb.
504 4349 528 4410 3,
549 4349 608 4409 116,
629 4348 661 4398 13
685 4344 773 4409 ὀλίγοι
793 4346 822 4398 δέ
842 4362 914 4398 τινε(
933 4345 970 4399 εἰ(
990 4345 1159 4400 Οὐενουιίαν
1178 4345 1323 4414 διέφυγον,
1344 4347 1377 4399 ἐν

198 4417 239 4471 oic
257 4418 292 4482 ἠν
312 4417 356 4468 καὶ
376 4415 452 4468 Γάιος
470 4416 615 4481 Τερέντιος
634 4417 649 4468 ὁ
668 4421 726 4470 τῶν
747 4416 892 4481 Ῥωμαίων
911 4419 1072 4484 ετρατηγόε.
