2948 5086
287 218 468 284 Quaestiones
487 219 522 273 do
541 219 595 273 Iuli
613 218 740 274 Frontini
758 221 980 290 stratagematon
999 219 1086 277 libris.
1204 220 1269 284 331

187 387 335 457 Quoniam
348 389 467 447 constat
480 386 659 446 Frontinum
673 389 816 465 exempla,
836 392 927 465 prout
944 388 1075 448 inlibris
1093 389 1272 465 scriptorum

93 478 146 536 uel
163 477 195 536 in
214 475 404 537 collectaneis
418 476 516 536 relata
534 476 700 551 inuenerat,
720 477 886 554 collegisse,
907 479 1027 555 gemina
1045 497 1104 538 non
1122 479 1271 554 reiecisse,

93 586 131 625 ne
156 564 440 626 Pseudofrontinum
469 565 589 642 quidem
618 566 707 626 aliter
734 566 840 626 fecisse
869 567 978 626 mirum
1007 569 1062 628 est.
1098 567 1176 626 Nam
1206 587 1272 626 cum

93 659 125 733 4,
146 657 175 729 2,
195 657 213 715 5
235 656 363 714 eundem
382 653 494 730 Cyrum
512 657 617 731 pateat
635 657 797 732 eademque
817 657 1057 733 quattuordecim
1081 657 1165 716 milia
1184 655 1273 715 Grae-

93 764 196 804 corum
216 744 353 820 intellegi
371 745 461 819 atque
482 744 512 818 4,
524 747 553 822 2,
566 748 594 822 7,
612 763 672 803 non
691 748 754 804 tam
773 745 905 805 alienum
924 749 978 806 aut
993 747 1168 821 corruptum
1182 746 1271 804 alter-

93 838 197 892 utrum
225 836 272 893 est
293 865 329 874 —
352 833 466 891 ineam
491 833 570 892 enim
596 834 778 893 sententiam
800 834 964 894 inclinabat
982 833 1210 912 Oudendorpius
1230 866 1272 876 —

93 941 185 999 quam
204 941 239 981 ex
258 922 377 981 diuerso
401 922 484 980 fonte
507 925 669 998 utrumque
688 924 856 1000 exemplum
881 927 1065 1000 excerptum:
1091 923 1129 982 ad
1149 924 1274 984 eandem

93 1031 158 1070 rem
179 1031 214 1070 ea
232 1010 384 1087 pertinere
402 1011 492 1070 homo
511 1011 562 1070 ille
583 1011 720 1087 stupidus
739 1032 800 1072 non
818 1013 901 1073 uidit.

183 1099 337 1160 Immerito
354 1100 495 1175 exemplis
515 1101 642 1176 geminis
662 1105 878 1180 strategemata
899 1105 926 1178 1,
948 1107 976 1180 9,
995 1105 1015 1161 4
1035 1105 1066 1162 et
1085 1105 1114 1177 4,
1135 1104 1163 1177 5,
1183 1105 1200 1161 2
1222 1103 1272 1161 ad-

92 1192 343 1249 numerauerunt:
368 1190 423 1248 hoo
451 1189 530 1248 euim
556 1190 593 1250 ad
617 1191 793 1250 seditionem
821 1210 916 1252 nonae
943 1192 1069 1268 legionis
1088 1193 1130 1252 49
1146 1210 1172 1251 a,
1192 1190 1272 1264 Chr,

92 1279 171 1337 illud
200 1279 237 1337 ad
266 1277 442 1338 seditionem
476 1277 607 1338 decimae
634 1279 761 1356 legionis
785 1283 826 1341 47
844 1299 871 1340 a.
900 1279 968 1341 Chr.
997 1282 1107 1340 factam
1136 1283 1273 1357 spectare

92 1367 289 1427 Woelfflinus
309 1366 437 1426 dilucide
457 1367 597 1427 ostendit.
606 1362 629 1446 ¹)

184 1456 336 1532 Exemplis
356 1458 468 1529 autem,
488 1475 564 1532 quae
584 1457 629 1515 bis
653 1458 830 1537 traduntur,
854 1459 922 1519 addi
946 1463 1073 1536 possunt
1092 1460 1165 1535 alia,
1188 1460 1275 1518 uelut

92 1543 733 1621 §2,3,11=§2,5,31;§3,4,4
760 1573 801 1594 =
827 1546 1001 1625 §3,4,3;
1030 1546 1273 1624 §4,7,11=

91 1633 112 1710 ξ
135 1637 165 1706 4,
186 1638 214 1713 7,
237 1637 286 1693 10.
324 1634 382 1694 Sed
401 1636 438 1695 de
457 1634 500 1693 eis
520 1635 619 1710 aptius
638 1640 746 1711 agetur
763 1637 795 1698 in
813 1638 923 1716 capite,
942 1638 1021 1714 quod
1039 1637 1215 1713 insequitur.

579 1864 791 1872 ——.——.

582 2041 702 2135 Caput
720 2042 785 2114 ΙΙΙ.

488 2207 536 2261 De
560 2175 725 2276 erremplis
748 2207 875 2266 alienis.

187 2345 309 2404 Curtius
324 2335 565 2422 wachsmuth2),
576 2362 643 2402 curu
657 2345 783 2404 uidisset
797 2346 872 2405 illud
886 2349 1001 2416 dicitur,
1019 2350 1121 2421 fertur,
1136 2350 1272 2416 traditur,

97 2435 177 2511 quod
195 2434 227 2491 in
246 2436 352 2510 quarto
375 2431 454 2491 libro
473 2451 617 2508 perquam
630 2433 802 2508 frequenter
821 2435 981 2511 inuenitur,
1001 2438 1080 2512 apud
1095 2437 1272 2499 Frontinum

94 2525 158 2583 fero
186 2540 245 2581 non
268 2521 331 2598 legi
352 2521 411 2581 nisi
429 2521 461 2580 in
480 2521 623 2596 exemplis
643 2522 819 2597 quibusdam
838 2524 1023 2586 breuissimis
1043 2544 1077 2585 ao
1095 2545 1189 2602 paene
1208 2526 1272 2586 inan

94 2613 193 2687 nibus,
213 2611 250 2670 ob
265 2610 297 2668 id
312 2611 404 2670 deleri
418 2610 507 2669 iussit
522 2611 657 2687 exempla
676 2613 704 2687 3,
716 2613 745 2688 4,
757 2613 786 2671 4.
816 2614 844 2689 3,
861 2616 889 2690 7,
906 2616 934 2674 5.
963 2617 991 2689 3,
1009 2617 1058 2690 12,
1074 2617 1103 2677 3.
1132 2617 1226 2692 3,15,
1243 2619 1271 2675 2.

12 2759 13 2774 ,
96 2700 152 2760 Oui
175 2701 319 2759 adsensus
343 2699 502 2759 Eduardus
521 2692 709 2780 Woelfflin³)
733 2701 793 2760 alia
817 2701 949 2762 eiusdem
972 2704 1090 2779 generis
1119 2704 1218 2778 eiecit,
1241 2705 1273 2762 id

96 2791 333 2866 argumentatus,
353 2789 431 2865 quod
450 2807 543 2865 graue
558 2793 605 2848 est
623 2790 824 2866 uehementer,
843 2810 879 2850 ex
897 2792 941 2850 eis
956 2793 1100 2868 exemplis
1122 2793 1197 2851 nihil
1212 2813 1273 2853 om-

95 2879 166 2937 nino
191 2878 303 2938 discere
326 2878 459 2953 potuisse
484 2877 589 2954 duces,
618 2897 744 2954 quorum
766 2879 799 2938 in
822 2899 910 2939 usum
933 2881 988 2941 hoc
1013 2900 1087 2957 opus
1107 2881 1269 2942 Frontinus

96 2970 287 3043 componeret
319 2961 369 3045 (cf.
397 2966 491 3048 praef.
514 2965 547 3024 I:
573 2969 616 3026 ita
644 2970 720 3027 auita
745 2971 857 3028 cmsilii
884 2988 993 3043 qaoque
1020 2974 1046 3029 at
1066 2972 1272 3045 prouidentiae

96 3058 233 3130 exemplis
250 3058 385 3115 succincti
403 3057 489 3115 daces
507 3060 599 3123 crant,
627 3058 704 3116 aude
721 3059 781 3117 iilis
803 3061 982 3132 cacapitaadt
1001 3061 1215 3134 pertransitque
1232 3062 1270 3118 si-

95 3147 180 3205 milia
197 3146 325 3218 facultas
336 3135 511 3225 nutriatur).
548 3145 623 3203 llam
637 3146 674 3205 ob
689 3165 811 3205 causam
829 3147 927 3207 aliena
941 3149 1089 3208 censenda
1103 3155 1174 3208 suut
1188 3149 1271 3224 quin-

96 3235 193 3294 decim
212 3234 362 3309 exempla,
390 3233 499 3308 quibus
529 3235 566 3293 cd
590 3235 691 3310 priora
709 3235 832 3295 adnexis
851 3237 930 3295 idem
949 3241 1132 3314 strategema
1150 3238 1187 3296 ab
1207 3237 1274 3296 aliis

97 3326 202 3382 contra
220 3322 296 3382 alios
311 3321 479 3381 adhibitum
497 3321 586 3380 nimis
606 3323 711 3399 exigue
731 3326 762 3384 et
781 3325 898 3384 exiliter
915 3329 1050 3386 notatur:

312 3437 356 3528 (1,
372 3447 401 3521 3,
417 3449 435 3505 6
452 3444 667 3506 Themistocles
682 3448 866 3508 aduentante
880 3449 978 3509 Xerxe
992 3453 1097 3510 auctor
1111 3451 1168 3510 fuit
1179 3451 1273 3510 Athe·

449 3535 603 3594 niensibus
622 3537 727 3596 urbem
745 3530 958 3619 relinquendi.)

188 3644 217 3717 1,
232 3643 261 3719 3,
277 3645 294 3702 7
310 3642 394 3745 Idera
411 3642 478 3716 facit
500 3643 532 3701 ia
556 3644 655 3702 eadem
673 3647 790 3705 ciuitate
807 3646 932 3706 Pericles
950 3647 1108 3706 aduersam
1125 3647 1272 3708 Lacedae·

311 3748 430 3790 meaios,

313 3828 356 3918 (1,
374 3840 401 3912 7,
417 3839 435 3897 3
456 3835 722 3914 Carthaginienses
741 3841 872 3901 crinibus
891 3845 1046 3902 tonsarum
1060 3843 1219 3904 mulierum
1234 3846 1273 3904 ad

454 3926 541 3986 funes
561 3927 730 3990 efficiendos
749 3932 797 3990 usi
815 3923 908 4010 sunt.)

189 4037 217 4107 1,
233 4038 260 4106 7,
276 4035 296 4091 4
310 4033 394 4093 Idcot
413 4033 614 4096 Massilienses
633 4041 659 4096 et
676 4037 784 4097 Rhodii
801 4039 937 4110 factitat.

189 4258 215 4326 1)
234 4256 350 4311 Hermes
371 4255 407 4310 IX
427 4262 470 4310 86.

187 4333 203 4382 2
233 4327 332 4385 Rhein.
352 4327 423 4385 Mus.
443 4327 493 4382 XV
513 4333 574 4382 sto.

187 4329 215 4470 81
232 4399 347 4455 Hermes
365 4398 403 4452 Ill
423 4406 463 4453 76,
484 4405 526 4454 86.
