2948 5086
303 239 486 307 Quaestiones
505 237 541 294 de
559 238 613 292 Iuli
633 237 758 294 Frontini
778 239 998 308 stratagematon
1017 239 1104 293 libris.
1222 241 1285 304 357
1379 242 1381 246 ’

18 477 19 480 ,
107 413 147 470 ut
168 412 273 470 auctor
298 411 356 471 duo
380 409 504 469 consilia
523 411 551 482 2,
568 410 631 484 8,4
652 410 905 485 112,8,6,11111
928 407 996 467 huic
1020 409 1110 484 capiti
1133 410 1287 487 insereret,

106 502 149 560 ab
167 501 271 560 eodem
286 501 374 560 Furio
390 499 524 559 adhibita
545 498 656 556 oblitus
672 516 736 558 esse
751 500 883 573 putetur,
902 517 998 573 neque
1018 517 1089 558 uero
1109 498 1140 557 id
1159 519 1195 557 ex
1213 500 1286 575 ipsis

107 581 254 670 exemplis
273 590 406 666 potuisse
426 606 646 664 recognoscere,
666 606 732 646 oum
751 586 882 646 condicio
902 587 1031 662 exempli
1051 591 1079 663 2,
1095 589 1123 663 8,
1140 590 1158 647 6
1178 607 1283 664 parum

106 679 233 737 definite
252 679 430 738 adumbrata
448 680 535 737 esset.

204 771 231 843 2,
247 770 275 844 4,
293 771 332 827 12
354 767 482 828 Croesus
502 767 647 826 aduersus
661 767 763 826 hostes
783 765 861 825 idem
881 768 1075 842 stratagema,
1095 767 1173 843 quod
1189 765 1286 842 Cyrus

107 861 217 918 eontra
236 857 378 916 Croesum
402 856 575 916 adhibuisse
599 856 679 932 apud
697 853 884 916 Herodotum
908 846 951 936 (1,
967 847 1024 937 80)
1050 860 1080 916 11
1102 856 1285 933 Polyaenum

107 940 158 1027 (7,
175 949 202 1022 6,
220 938 254 1028 6)
272 947 379 1008 fertur.
416 945 594 1004 Frontinum
613 964 745 1022 purgans
766 944 934 1005 Gronouius
953 945 1117 1020 proposuit,
1136 947 1173 1003 111
1191 943 1287 1019 Cyrus

106 1037 255 1095 aduersus
269 1034 408 1095 Croesum
425 1036 474 1094 uel
490 1034 665 1110 simpliciter
680 1033 774 1109 Cyrus
788 1053 842 1110 pro
858 1032 981 1094 Croesus
995 1034 1155 1108 legeretur.
1181 1033 1286 1110 Ipsum

107 1125 280 1200 exemplum
297 1124 494 1201 suspicionem
509 1143 568 1184 nou
582 1124 704 1183 excitat:
723 1143 822 1200 neque
838 1123 917 1182 enim
932 1123 1067 1182 ordinem
1082 1125 1286 1200 exemplorum

109 1213 218 1272 turbat
246 1217 436 1274 externorum
460 1207 494 1291 (ξ
512 1216 553 1274 10
573 1212 728 1290 Iugurtha,
753 1211 771 1288 ξ
790 1217 828 1271 11
850 1211 1031 1290 Myronides,
1051 1210 1070 1288 ξ
1089 1215 1128 1271 12
1150 1212 1285 1288 Croesus,
1316 1278 1320 1288 ,

107 1301 128 1377 ἓ
144 1299 182 1362 13
199 1297 348 1382 Pyrrhus)
364 1321 418 1361 nec
433 1321 542 1379 genere
557 1301 675 1361 dicendi
689 1302 826 1362 offendit:
846 1303 938 1362 hostes
951 1302 1033 1361 nullo
1049 1302 1150 1360 addito
1165 1301 1285 1362 nomine

110 1391 288 1467 saepissime
310 1392 510 1469 appellantur,
530 1393 614 1450 uelut
634 1394 661 1464 2,
674 1393 702 1465 4,
715 1393 744 1450 8.
764 1393 792 1466 2,
804 1392 834 1469 5,
845 1394 873 1450 6.
894 1394 922 1471 2,
934 1393 962 1462 3,
976 1393 1025 1452 19.
1063 1391 1169 1468 ltaque
1188 1410 1284 1451 exem-

109 1481 197 1557 plum
217 1481 280 1540 sine
301 1481 391 1541 dubio
405 1480 542 1540 Frontini
556 1481 722 1555 putandum
741 1483 788 1539 est
807 1500 840 1540 ac
860 1500 896 1539 ne
911 1480 1082 1539 mutilatum
1097 1480 1217 1555 quidem
1232 1484 1285 1540 aut

106 1574 291 1644 corruptum.
324 1569 402 1628 Nam
421 1571 511 1629 etiam
531 1569 622 1628 Darei
640 1571 829 1629 notissimum
851 1571 1034 1647 strategema
1051 1570 1083 1628 in
1100 1569 1284 1645 Babylonios

108 1678 204 1734 opera
214 1659 323 1736 Zopyri
336 1658 502 1734 perfeetum
512 1651 562 1738 (ef.
573 1658 715 1719 Herodot.
731 1662 759 1732 3,
772 1662 834 1720 153
846 1677 888 1735 sq.
907 1659 986 1719 Plut.
1001 1660 1144 1735 apophth.
1154 1659 1244 1718 Darei
1255 1662 1284 1720 4.

105 1749 251 1824 Polyaen.
269 1751 358 1823 7,13.
378 1746 482 1808 lustin.
504 1740 662 1830 1,10,15)
677 1748 756 1808 idem
771 1749 865 1809 tradit
880 1751 909 1818 3,
920 1749 979 1822 3,4
995 1747 1100 1824 aCyro
1115 1748 1283 1807 adhibitum

107 1841 142 1897 et
155 1857 224 1898 mox
239 1840 269 1915 3,
282 1841 312 1912 7,
323 1839 343 1896 4
354 1838 391 1896 ab
402 1837 572 1896 Alexandro
583 1838 737 1913 Euphrate
746 1838 868 1896 flumine
883 1856 988 1896 auerso
998 1837 1155 1914 Babylona
1165 1841 1284 1913 captam

106 1945 184 2002 esse,
199 1929 277 2002 quod
291 1928 406 1986 factum
420 1926 529 2001 reliqui
543 1917 592 2005 (11.
604 1926 745 1986 Herodot.
765 1930 790 1999 1,
804 1928 875 1986 191.
896 1927 1030 2002 Xenoph.
1044 1926 1113 1987 inst.
1130 1925 1201 2003 Cyri
1214 1930 1241 2001 7,
1253 1930 1281 1988 5.

105 2017 249 2092 Polyaen.
271 2020 299 2092 7,
315 2019 344 2093 6,
360 2011 394 2095 5)
420 2013 559 2074 tn'buuut
577 2013 655 2092 Cyro
682 2007 733 2096 (cf.
753 2017 842 2074 etiam
864 2017 893 2088 3,
910 2019 937 2092 7,
953 2019 971 2075 5
993 2019 1023 2076 11
1042 2034 1133 2091 supra
1150 2036 1178 2091 p.
1194 2007 1283 2098 334).

105 2106 190 2164 Haec
219 2105 318 2165 omnia
345 2104 443 2181 ipsum
467 2107 619 2163 auctorem
646 2107 779 2164 mutasse
803 2108 835 2163 et
857 2105 1025 2180 corrupisse
1052 2123 1071 2163 a
1098 2105 1163 2164 ueri
1186 2106 1283 2180 specie

104 2213 232 2270 prorsus
247 2195 401 2254 abhorret:
416 2194 506 2252 immo
517 2195 653 2270 exempla
668 2214 703 2254 11
716 2195 776 2254 iam
790 2194 909 2254 uariata
924 2195 955 2254 et
967 2195 999 2254 in
1015 2193 1125 2254 uilibus
1135 2194 1282 2254 dictorum

105 2288 139 2343 et
157 2285 305 2345 factorum
322 2282 495 2358 corporibus
515 2282 689 2341 circumlata
707 2284 759 2342 ille
778 2303 837 2344 uon
856 2284 1035 2359 repudiauit,
1054 2303 1113 2344 non
1136 2287 1199 2342 tam
1214 2283 1282 2342 fidei

104 2373 250 2433 historiae
270 2372 392 2432 studens
412 2390 507 2448 quam
520 2375 556 2431 ut
574 2373 783 2448 experimentis
802 2373 930 2448 probata
950 2373 1073 2433 consilia
1092 2376 1201 2432 essent.

194 2462 308 2521 Eodem
332 2462 420 2520 modo
449 2461 539 2518 etiam
563 2461 615 2519 alii
639 2481 755 2520 errores
779 2462 933 2522 nominum
953 2463 1146 2538 explicantur.
1179 2463 1280 2540 Atque

104 2553 317 2611 Hermocrates
341 2554 524 2626 strategema
548 2553 576 2623 2,
589 2552 647 2624 9,6
672 2551 816 2610 aduersus
841 2550 1166 2628 Carthaginienses
1195 2572 1281 2629 supe-

104 2644 189 2700 ratos
208 2638 380 2699 adhibuisse
399 2639 537 2698 traditur.
562 2640 639 2698 Eum
654 2643 755 2699 autem
774 2659 956 2717 quamquam
975 2644 1078 2700 contra
1093 2640 1280 2719 Carthagini-

105 2748 192 2789 enses
207 2746 357 2804 pugnasse
373 2727 518 2787 Diodorus
540 2731 590 2806 13,
602 2731 642 2789 63
663 2733 736 2788 extr.
755 2731 843 2789 testis
863 2733 918 2808 est,
938 2733 1037 2788 tamen
1056 2748 1116 2788 non
1134 2730 1280 2791 aduersus

104 2821 175 2895 hos,
203 2818 254 2877 sed
283 2819 385 2877 contra
408 2817 606 2877 Athenienses
631 2809 748 2898 (4131.
759 2810 843 2900 Chr.)
867 2821 922 2880 hoc
951 2818 1073 2879 consilio
1097 2837 1187 2877 usum
1215 2839 1281 2880 esse

104 2929 141 2967 ex
160 2907 260 2967 uerbis
279 2909 403 2973 0011111,
425 2924 462 2965 ue
485 2909 637 2981 cupreus,
661 2926 783 2980 1101111
806 2911 978 2983 laycalem
1000 2927 1137 2967 11011111
1155 2910 1188 2968 iu
1199 2914 1280 2984 pole·

104 3003 208 3058 statem
221 2997 370 3072 redegerat
382 2995 541 3056 manifesto
556 2998 690 3072 apparet.
697 2989 721 3076 ¹)
746 2997 879 3057 Eandem
894 2997 931 3058 ob
949 3015 1069 3057 eausam
1083 2997 1281 3058 1111110011-

102 3088 252 3147 1111110111
271 3105 289 3144 1
308 3085 454 3145 Tennulio
474 3086 677 3163 excogitatum
695 3106 749 3162 pro
770 3085 1057 3162 Carthaginiensibus
1083 3086 1202 3147 admitti
1221 3107 1280 3147 non

102 3194 192 3252 posse
211 3193 265 3250 per
285 3194 316 3234 se
335 3177 419 3250 patet
436 3168 603 3252 (1121111.
618 3169 742 3256 3,6,6).
780 3175 892 3236 Contra
913 3175 1143 3236 Catinienses
1162 3176 1279 3238 intelle-

101 3264 195 3342 gendi
209 3266 280 3324 sunt
295 3266 323 3342 3,
336 3266 365 3340 2,
378 3265 406 3339 6,
422 3263 473 3322 ubi
487 3282 644 3339 perperam
658 3264 894 3341 Agrigentini
909 3267 975 3327 dolo
987 3265 1149 3325 Alcibiadis
1165 3267 1279 3343 decept'

102 3344 285 3433 ferentum)
332 3350 390 3411 Sed
412 3353 487 3411 haec
512 3353 591 3429 apud
609 3354 787 3412 Frontinum
810 3373 868 3415 non
893 3356 990 3432 magis
1014 3355 1191 3431 corrigenda
1210 3359 1280 3416 runt

102 3462 193 3519 quam
216 3442 248 3500 in
271 3442 406 3517 exemplo
427 3444 455 3513 3,
468 3445 526 3517 6,7
547 3433 738 3523 (Cleonymus
760 3436 958 3526 Atheniensis)
988 3443 1063 3502 illud
1086 3442 1278 3515 Atheniense,

102 3531 222 3592 11111111
232 3530 305 3590 satis
316 3533 432 3590 constat
443 3529 637 3607 Cleonymum
648 3551 751 3608 regem
764 3533 857 3592 fuisse
867 3526 1278 3616 Lacedaemoniorum³);

100 3623 134 3681 in
158 3622 292 3697 exemplo
319 3621 433 3700 1,4,91
458 3639 567 3679 nornen
590 3620 671 3680 Indi
699 3622 877 3701 fluminis,
906 3642 972 3683 cum
995 3622 1215 3700 intellegendus
1239 3625 1280 3685 sit

102 3711 294 3788 Hydaspes
314 3709 411 3785 priore
432 3710 566 3785 exemplo
583 3712 680 3786 1,4,9
701 3716 885 3772 memoratus
905 3705 955 3794 (cf.
975 3731 1067 3788 supra
1084 3733 1112 3788 p.
1129 3704 1223 3796 330);
1247 3714 1278 3773 in

102 3801 237 3876 exemplo
263 3801 291 3878 3,
304 3800 362 3876 9,6
389 3817 497 3858 nomen
522 3799 636 3876 oppidi,
665 3801 744 3875 quod
768 3800 919 3880 Cyzicus
948 3820 1048 3861 errore
1076 3804 1202 3862 uocatur
1224 3822 1278 3878 pro

101 3888 280 3966 Byzantio
301 3878 627 3970 (11.31011.3,11,3);
646 3907 715 3948 nam
730 3889 854 3966 Cyzicus
873 3910 969 3968 neque
988 3891 1026 3949 ab
1042 3890 1196 3950 Alcibiade
1214 3911 1278 3950 um-

103 3997 192 4054 quam
213 3980 386 4053 oppugnata
405 3980 451 4036 est
470 3995 566 4052 neque
585 3977 678 4038 muris
697 3979 813 4039 munita
832 3984 898 4040 erat
916 3971 1107 4062 (Thucydid,
1124 3981 1186 4040 107
1206 3975 1277 4056 ἀφι-

101 4061 230 4141 κόμενοι
245 4063 280 4125 δὲ
295 4063 346 4125 καὶ
360 4062 413 4126 ἐπὶ
422 4063 481 4142 τὴν
493 4062 623 4129 Κύζικον
633 4062 809 4142 ἀτείχιετον
820 4064 930 4131 οὖεανε
946 4071 982 4129 cf.
992 4065 1277 4151 Diodor.13,40,6).

100 4206 314 4216 ——-——-

192 4288 217 4355 1)
237 4285 271 4341 11.
292 4288 383 4358 Holm,
405 4287 505 4344 Gesch.
526 4289 655 4346 Siciliane
673 4291 700 4346 ll
719 4293 810 4362 (1874)
830 4297 863 4347 62
884 4311 924 4362 sq.
946 4297 1005 4347 414.

190 4361 218 4426 2)
239 4357 274 4414 cf.
294 4359 379 4415 Holm
398 4359 416 4416 l.
435 4360 453 4416 l.
474 4367 518 4416 22.
537 4369 597 4418 409.

193 4431 220 4500 3)
240 4429 275 4486 cl.
295 4431 425 4502 Polyaen.
437 4439 463 4503 2,
474 4439 517 4504 29,
529 4439 552 4491 l.
573 4435 703 4506 Droysen,
719 4435 816 4492 Gesch.
833 4435 860 4491 d.
871 4434 1033 4490 Hellenism.
1044 4435 1082 4490 ΙΙΙ
1095 4435 1132 4506 1²,
1144 4444 1203 4494 200.
1215 4444 1275 4492 201.
