2948 5086
296 238 479 304 Quaestiones
497 239 533 292 de
552 238 604 293 1611
624 238 752 293 Frontini
771 240 993 307 stratagematon
1012 239 1099 295 libris.
1216 239 1280 304 347
1299 287 1303 297 .

107 407 261 486 fugerant,
279 407 310 465 hi
329 408 495 467 enumerati
514 410 584 468 sunt
601 410 630 466 et
647 407 801 484 Semproni
821 408 943 469 comites
962 409 1040 466 intra
1060 399 1137 489 (cap.
1149 402 1204 488 26)
1224 429 1283 467 me-

107 500 272 556 morantur.
306 495 421 556 Ibidem
437 495 607 574 Canusium,
626 516 685 557 non
699 497 832 556 Venusia
851 497 930 574 quod
949 498 1071 574 legatur
1089 516 1167 558 nnnc
1187 499 1282 558 mitto.
1372 543 1374 548 -

108 586 144 644 Id
164 605 255 644 unum
274 605 514 663 moneo,no1nen
535 587 624 647 huius
644 586 754 664 oppidi,
774 587 799 646 si
819 585 982 646 Canusium
1001 606 1059 646 nou
1075 585 1282 663 Sempronium

106 676 196 735 modo
220 695 325 735 uerum
348 675 439 735 etiam
463 676 629 735 Varronem
652 677 804 737 consulem
831 677 946 753 fugisse
974 677 1132 751 scriptores
1161 677 1282 754 quidam

107 765 297 841 tradiderint,
316 785 418 824 ansam
439 766 569 825 fortasse
583 767 697 827 auctori
716 767 767 825 uel
785 766 820 840 ei,
840 784 927 841 quem
947 767 1067 825 secutus
1087 769 1144 840 est,
1164 767 1282 826 dedisse

105 855 145 912 ad
167 855 405 915 confundendum
425 875 582 915 numerum
600 855 750 915 comitum.
1122 921 1124 927 ¹

198 944 287 1004 Acies
314 943 426 1004 Punica
455 948 485 1004 et
512 947 646 1005 Romana
674 945 821 1023 quomodo
849 943 1005 1004 ordinatae
1032 945 1093 1004 sint
1120 943 1151 1002 in
1179 961 1283 1021 pugna

106 1033 188 1108 apud
207 1035 329 1092 Zamam
348 1034 514 1107 commissa,
534 1034 694 1093 Frontinus
716 1036 743 1108 2,
758 1036 787 1108 3,
804 1036 844 1093 16
865 1033 909 1093 116
927 1033 1076 1111 describit,
1095 1036 1130 1092 ut
1147 1034 1204 1093 hoc
1222 1046 1281 1092 uno

105 1143 124 1181 a
154 1123 279 1200 Polybio
304 1113 375 1203 (15,
396 1125 424 1184 9.
445 1117 501 1203 11)
531 1127 562 1184 61
584 1122 671 1181 Liuio
700 1114 771 1204 (30,
792 1114 849 1203 33)
878 1123 1050 1198 dissentiat,
1084 1123 1163 1199 quod
1195 1122 1282 1183 Lae·

104 1211 195 1270 lium
219 1211 345 1270 dextro
369 1230 461 1271 cornu
484 1213 625 1272 Romanis
650 1212 813 1288 equitibus,
839 1212 991 1271 sinistro
1015 1211 1154 1270 Numidis
1172 1212 1280 1271 Masi·

105 1302 242 1366 nissam
259 1301 463 1377 praepositum
483 1320 501 1359 6
520 1301 654 1378 Scipione
674 1301 755 1377 dicit,
772 1301 819 1360 1111
838 1303 941 1361 contra
959 1300 1124 1360 Laelium
1142 1301 1173 1359 in
1192 1302 1282 1361 sini-

106 1394 198 1466 stro,
221 1391 253 1449 in
272 1391 397 1450 dextro
417 1390 647 1450 Masinissam
671 1391 763 1451 fuisse
782 1391 891 1450 ferunt.
929 1389 1028 1466 Aque
1052 1410 1118 1450 oum
1137 1390 1281 1450 Frontino

106 1480 263 1555 Appianas
279 1472 366 1560 (Pan.
383 1471 442 1561 41)
461 1480 505 1539 ita
519 1479 676 1558 consentit,
695 1483 730 1538 ut
749 1480 912 1538 dextrum
932 1498 1022 1538 cornu
1037 1479 1162 1538 Laelio
1177 1480 1280 1540 datum

104 1588 173 1628 esse
192 1573 223 1628 et
241 1569 304 1645 ipsc
324 1569 411 1629 dicat.
448 1568 506 1628 Sed
525 1569 560 1646 is,
583 1589 650 1628 cum
667 1569 707 1632 ab
727 1568 823 1629 altero
842 1587 933 1628 cornu
953 1567 1143 1628 Octauium
1162 1571 1279 1646 opposi-

104 1661 172 1716 tum
186 1677 251 1718 esse
265 1659 345 1718 dicat
360 1649 433 1738 (non
448 1659 644 1736 Masinissam,
665 1661 700 1717 ut
714 1677 780 1717 cum
795 1658 938 1718 Frontino
957 1658 1176 1717 consentientes
1192 1658 1280 1735 Poly-

103 1747 182 1825 bius,
202 1747 315 1824 Liuiae,
335 1747 463 1807 Zonaras
483 1740 528 1829 (9,
548 1743 604 1827 14)
622 1743 805 1826 perhibent),
824 1750 855 1806 et
873 1746 1019 1824 quomodo
1040 1747 1155 1823 equites
1175 1748 1278 1806 Numi-

103 1835 162 1895 dae
182 1840 212 1895 et
230 1837 356 1896 Romani
374 1836 511 1912 dispositi
529 1838 654 1914 fuerint,
678 1838 766 1913 longe
785 1837 873 1895 aliter
887 1840 998 1912 narret,
1017 1855 1088 1895 casu
1108 1836 1229 1896 uidetur
1248 1838 1280 1896 in

103 1926 158 1984 itta
172 1945 204 1985 re
218 1945 285 1984 cum
297 1926 439 1985 Frontino
456 1927 634 2001 conspirare.
661 1927 716 1984 Hic
730 1929 831 1984 autem
847 1945 899 1984 eur
915 1925 946 1983 in
961 1926 1017 1984 hac
1032 1945 1091 1984 una
1109 1945 1141 1984 re
1161 1945 1179 1984 a
1193 1926 1279 1985 Liuio

103 2014 278 2086 dissentiat,
301 2018 386 2073 tanto
406 2015 502 2090 magis
521 2015 688 2073 mirandum
709 2018 769 2091 est,
793 2017 904 2089 quanto
928 2015 1023 2072 maior
1047 2033 1207 2074 consensus
1231 2035 1278 2074 ex-

103 2105 168 2162 stat
186 2105 217 2162 in
234 2103 351 2180 reliqua
369 2107 552 2180 narratione,
575 2105 611 2162 ut
633 2105 682 2162 uel
707 2123 744 2162 ex
768 2104 865 2162 altera
889 2103 952 2163 eius
971 2107 1057 2178 parte
1076 2103 1263 2180 intellegitur

193 2193 295 2253 Front.
320 2196 353 2268 2,
374 2195 406 2267 3,
427 2196 482 2253 16:
514 2193 610 2268 Scipio
632 2195 776 2252 61666666
801 2193 876 2251 1666
898 2194 1025 2266 formam
1047 2195 1136 2252 robur
1158 2195 1278 2267 lapionis

102 2283 213 2355 triplici
236 2283 297 2341 acie
319 2284 462 2355 intrante
480 2284 646 2341 ordinatum
667 2301 724 2356 per
746 2283 873 2341 16616166
896 2287 921 2340 et
938 2284 1089 2356 principes
1112 2287 1138 2341 ct
1160 2285 1279 2342 triarios

102 2373 250 2444 opposuit:
263 2373 509 2430 666666116666
523 2374 720 2430 6666166611
734 2372 902 2437 cobortes,
916 2372 966 2430 661
979 2372 1173 2445 manipulis
1186 2374 1279 2431 inter

102 2477 140 2518 66
158 2461 375 2519 11616611166
392 2462 546 2534 spatium
564 2461 653 2526 dedit,
667 2477 733 2534 per
751 2460 839 2534 quod
862 2460 1042 2534 elephanti
1059 2462 1102 2519 ab
1120 2461 1279 2521 16611166

103 2551 176 2608 6611
202 2550 289 2622 saule
317 2551 475 2608 transmitti
501 2552 577 2609 siue
597 2550 870 2624 perturbatione
896 2550 1060 2608 66116666
1081 2555 1206 2623 possent.
1245 2568 1278 2610 ea

103 2640 170 2710 1666
192 2639 349 2697 interualla
375 2639 511 2712 mpeditus
536 2640 706 2699 uelitibus
731 2640 896 2713 impleuit,
924 2656 960 2697 ne
986 2639 1165 2698 interluceret
1193 2641 1278 2706 66166,

103 2728 184 2785 1616
202 2728 247 2786 116
259 2732 465 2801 praecepto,
487 2733 525 2786 ut
547 2730 591 2788 661
612 2731 776 2802 impetum
794 2728 1056 2801 elephantorum
1074 2729 1121 2786 uel
1138 2733 1214 2787 retro
1231 2730 1279 2787 uel

102 2818 136 2874 in
159 2817 252 2875 latera
280 2817 467 2875 concederent.
505 2819 662 2890 equitatum
684 2819 786 2877 161616
808 2818 840 2876 16
862 2834 971 2876 cornua
999 2818 1099 2876 diuisit
1128 2822 1154 2876 61
1180 2819 1279 2876 dentre

103 2905 247 2964 11666616
266 2907 406 2978 equitibus
424 2906 573 2974 Laelium,
596 2908 713 2966 sinistro
731 2907 871 2966 Numidis
888 2907 1084 2966 Masinissam
1096 2909 1277 2980 praeposuit.

191 2993 296 3054 Liuius
317 2996 368 3071 30,
388 2996 429 3054 32
450 2996 536 3054 exta:
561 2997 680 3054 instruit
697 2986 729 3076 (i.
749 3015 774 3054 e.
793 2987 906 3073 Scipio)
929 2995 1030 3054 161616
1048 2997 1163 3068 primos
1180 2996 1277 3055 16616-

102 3087 154 3150 166,
167 3087 237 3156 post
255 3102 301 3143 eos
313 3086 472 3158 principes,
495 3086 608 3144 triariis
620 3088 799 3159 postremam
817 3087 907 3144 aciem
926 3085 1037 3143 elausit.
1064 3102 1123 3143 non
1141 3087 1278 3158 conser-

103 3177 158 3231 tas
177 3177 273 3230 autem
291 3173 447 3233 66166166
461 3178 596 3234 6616666
610 3192 751 3248 quamque
764 3176 849 3248 61666
867 3174 1079 3240 1661666161,
1098 3175 1149 3233 661
1166 3177 1277 3233 66661-

96 3262 204 3334 pulos
235 3263 417 3334 aliquantum
448 3264 542 3322 iuter
573 3281 608 3322 se
640 3264 825 3330 distantes,
857 3266 890 3321 61
922 3268 993 3322 esset
1022 3264 1179 3336 spatium
1210 3281 1278 3336 qua

102 3351 281 3424 elephanti
299 3352 449 3410 bostium
468 3353 805 3412 6611611116611666
824 3353 1019 3410 turbarent.
1047 3351 1184 3410 Laelium
1199 3399 1276 3412 ......

101 3456 168 3498 eum
189 3441 294 3498 1161166
318 3443 444 3513 equitatu
467 3443 503 3500 61
526 3443 644 3501 61616166
668 3459 770 3508 cornu,
796 3441 991 3500 Masinissam
1013 3440 1215 3514 Numidasque
1238 3444 1274 3501 61

101 3529 200 3588 electro
218 3531 358 3602 opposuit.
394 3532 462 3588 6166
481 3535 611 3603 patentes
629 3533 704 3590 inter
725 3529 891 3604 manipulos
915 3531 1170 3604 mtesipnanorum
1188 3533 1278 3590 ueti-

101 3619 195 3677 tibus
276 3619 476 3693 compleuit,
500 3621 581 3678 1616
594 3623 797 3694 praecepto,
817 3623 854 3678 ut
872 3618 917 3678 61
935 3621 1100 3693 impetum
1113 3620 1276 3693 elephan-

100 3711 216 3765 torum
229 3711 286 3766 661
297 3713 366 3782 post
383 3709 504 3768 11666166
521 3710 685 3783 refuperent
697 3710 821 3776 ordmes,
841 3711 893 3768 aut
908 3710 941 3767 16
959 3709 1089 3768 electrum
1108 3709 1278 3783 laeuumque

100 3797 236 3856 discursu
254 3799 432 3870 applicantes
449 3815 481 3857 66
498 3800 696 3872 antesipnanis
714 3801 808 3866 uiam,
832 3816 891 3872 qua
913 3799 1059 3858 irruerent
1080 3799 1113 3857 16
1136 3800 1277 3873 campilia

100 3885 166 3952 tela,
186 3886 276 3944 beluis
295 3887 405 3947 darent.

191 3974 282 4033 Vides
306 3975 381 4035 hanc
405 3976 533 4051 exempli
555 3978 673 4051 partem
696 3995 732 4036 ex
755 3975 841 4035 Liuio
868 3975 912 4035 116
935 3979 1106 4052 excerptam
1132 3995 1213 4053 6666,
1242 3980 1276 4035 61

100 4058 192 4122 etiam
212 4063 306 4122 uerba
323 4065 403 4124 haud
423 4066 515 4124 semel
534 4067 638 4126 eadem
657 4065 867 4125 retinerentur.
901 4064 997 4135 Quam
1017 4066 1054 4124 ob
1074 4083 1194 4124 causam
1214 4084 1276 4125 non

100 4152 275 4229 haesitabis,
295 4152 367 4229 quin
382 4154 556 4215 6166111166
575 4157 759 4214 commutata
776 4171 888 4213 cornua
906 4172 972 4214 esse
991 4154 1147 4214 concedas.

189 4243 331 4316 Exemplo
352 4244 480 4321 1,7,11
503 4243 707 4304 0611661166
725 4245 867 4304 61666666
887 4244 1030 4303 Etruscos
1046 4244 1200 4303 6616166616
1219 4246 1274 4303 661-

99 4333 164 4404 tepa
173 4331 217 4389 M.
232 4331 336 4399 Fabio,
356 4334 405 4406 qui
418 4334 569 4392 6161616166
588 4352 677 4392 66666
695 4335 822 4400 ducebat,
843 4379 922 4392 .....
943 4350 1007 4392 aim
1026 4335 1131 4392 turmis
1149 4335 1275 4406 6661166

98 4423 237 4487 66666611,
256 4421 409 4480 clamitans
427 4425 452 4480 et
471 4423 606 4495 collepam
622 4425 724 4481 uiuere
738 4428 806 4481 6166
820 4423 918 4481 deutra
936 4439 1026 4481 cornu
1043 4423 1148 4481 uicisse
1167 4425 1273 4482 strate·
