2948 5086
202 220 267 283 320
591 217 760 275 Gottboldua
779 218 990 275 Gundermann:

202 391 293 464 atque
322 387 480 447 Eduardus
500 379 686 468 Woelfflin1)
707 387 752 447 ita
765 388 1060 465 demonstrauerunt,
1080 391 1114 447 ut
1133 388 1221 449 aliter
1240 389 1292 465 qui
1312 408 1381 450 sen-

201 477 273 536 tiret
291 476 367 535 nihil
385 476 519 537 sentiret.
557 475 614 536 Sed
633 477 737 536 haberi
755 476 918 537 Frontinus
937 477 1079 537 studebat
1095 477 1139 555 is,
1158 478 1210 554 qui
1233 481 1381 555 quartum

200 566 313 625 librum
341 565 520 642 composuit,
541 584 607 625 oum
635 566 708 625 haec
726 567 927 642 praeferetur:
945 567 1045 626 Multa
1068 568 1183 626 teneone
1210 571 1382 643 conquisitis

200 657 447 730 stratepemntitus
461 701 467 714 .
483 695 492 715 .
506 700 512 714 .
526 659 559 714 ut
571 658 751 730 promissum
778 657 884 716 trium
907 657 1047 716 titrorum
1064 657 1220 731 inpterem,
1242 660 1269 716 si
1291 659 1380 718 modo

201 746 320 818 inpteui,
338 746 390 804 too
413 745 544 805 enbibeto
568 762 621 812 en,
649 763 723 819 quae
735 763 847 820 parum
866 748 932 820 apte
950 747 1129 820 discriptioni
1146 747 1330 820 priorum.
1347 790 1378 807 ..

200 834 291 893 subici
313 835 496 894 uidebantur.
876 891 881 902 ,

289 922 435 999 Exempla
452 923 552 999 quarti
569 922 640 982 libri
654 941 721 983 curn
741 923 903 1000 strategias
922 923 1024 1000 potius
1048 942 1136 1000 quam
1156 927 1378 1001 strategemata

201 1015 315 1091 essent,
338 1013 418 1072 idem
440 1012 658 1087 praefationem
680 1013 770 1088 primi
792 1013 864 1072 libri
882 1012 979 1086 anxit,
1002 1015 1037 1072 ut
1060 1013 1200 1074 lectorem
1219 1016 1378 1090 tamquam

200 1104 408 1177 praemoneret
445 1101 653 1178 deciperetque
691 1102 817 1162 facilius.
862 1101 940 1161 Nam
977 1102 1212 1162 luculentissime
1250 1101 1376 1163 Curtius

201 1181 430 1271 Wacbsmuth²)
451 1191 583 1249 ostendit
600 1190 851 1267 Pseudofrontini,
870 1189 1075 1250 nonFrontini
1090 1209 1154 1251 esse
1169 1192 1244 1251 illud
1263 1183 1376 1273 (praef.

200 1279 251 1339 lib.
270 1280 285 1338 I
304 1300 331 1356 p.
352 1282 381 1354 2,
400 1281 523 1358 24-3,
539 1273 586 1358 7);
609 1278 643 1339 Si
660 1281 711 1353 qui
729 1285 821 1349 erum,
840 1283 943 1354 quidm
961 1325 968 1338 .
989 1326 995 1340 .
1015 1325 1022 1339 .
1042 1327 1048 1340 .
1068 1282 1197 1355 exempta
1209 1283 1375 1355 posuimus.

201 1369 260 1428 Ubi
280 1369 380 1445 capita
398 1368 469 1427 libri
488 1368 589 1445 quarti
612 1369 746 1444 suspicor
769 1388 861 1445 praen
920 1369 980 1428 ’ata
1004 1387 1070 1429 esse
1088 1369 1135 1428 his
1154 1369 1267 1430 uerbis:
1287 1388 1375 1430 nnm-

199 1476 252 1531 que
270 1460 377 1524 onmia
397 1475 470 1531 quae
493 1459 601 1517 nduce
613 1459 752 1531 prouida,
773 1460 881 1518 utiliter
918 1483 958 1505 =
978 1460 1011 1531 4,
1035 1462 1051 1517 1
1072 1459 1106 1517 de
1124 1458 1278 1532 disceptinn
1296 1461 1331 1532 4,
1355 1463 1375 1518 2

199 1548 234 1606 de
243 1548 342 1619 effectu
351 1536 545 1626 disruptione),
564 1549 717 1621 mnpnidee
727 1539 785 1628 (=
800 1550 830 1624 4,
841 1550 858 1607 2
871 1549 906 1608 de
924 1549 1097 1607 continentia
1107 1550 1136 1624 4,
1153 1549 1174 1606 4
1188 1549 1223 1607 de
1236 1541 1375 1626 institia),

199 1640 361 1695 constanter
378 1637 455 1707 liunt
472 1627 529 1716 (=
545 1637 575 1711 4,
590 1637 608 1695 5
629 1637 663 1695 de
681 1640 843 1697 constantin
856 1637 916 1714 4,6
936 1638 971 1696 de
990 1637 1093 1708 affeetu
1112 1641 1138 1696 et
1154 1630 1376 1716 moderatione).

198 1724 440 1785 Pseudofrontini
460 1725 550 1784 etiam
569 1725 664 1784 uerba
682 1744 747 1786 esse
767 1725 899 1785 eiusdem
917 1724 1114 1800 praefationis
1130 1717 1172 1803 (p.
1184 1728 1212 1799 2,
1226 1719 1375 1806 13-23)

198 1813 279 1873 Huic
301 1815 395 1873 tutori
416 1831 475 1872 non
502 1816 606 1874 iniuste
632 1817 750 1874 ueniam
766 1816 906 1888 paciscar
924 1860 931 1872 .
950 1859 959 1876 .
979 1861 985 1874 .
1009 1815 1124 1873 credam
1148 1806 1374 1895 Woelfflinus³)

198 1902 309 1961 iniuria
327 1902 488 1962 contendit.
533 1902 671 1978 Namque
697 1903 807 1979 optime
827 1922 863 1962 ea
885 1902 1068 1962 conueniunt
1085 1902 1124 1960 ad
1142 1903 1321 1962 modestiam
1340 1908 1374 1962 et

200 1991 431 2051 sollicitudinem
440 1990 576 2049 Frontini
596 1983 645 2072 (cf.
661 1992 697 2051 de
712 2011 779 2068 aqu.
797 1993 891 2069 praef.
911 1989 992 2051 Oum.
1014 2035 1021 2050 .
1039 2038 1046 2052 .
1066 2039 1073 2052 .
1092 2009 1137 2050 mc
1155 2009 1205 2051 seu
1223 1993 1375 2051 naturatis

198 2080 358 2140 settinitudo
376 2097 427 2140 scu
445 2081 518 2152 fides
531 2081 633 2140 sedulo
650 2083 945 2155 nnnadditipenn'nm
962 2082 1045 2140 modo
1063 2097 1166 2138 uerum
1185 2081 1225 2140 nd
1242 2098 1374 2140 amorem

198 2186 307 2244 quoqne
325 2171 492 2229 commissae
514 2172 557 2228 rei
578 2171 714 2243 instipent
731 2213 738 2230 .
757 2161 788 2246 ..)
833 2170 934 2245 Atque
957 2171 1052 2229 uerba
1074 2169 1269 2244 praefationis
1294 2172 1373 2228 stra·

198 2262 371 2336 tegematon
399 2249 440 2338 (p.
461 2260 499 2336 2,
518 2251 677 2338 20-23);
705 2276 776 2318 nnm
794 2276 859 2318 oum
876 2258 928 2317 boc
952 2275 1033 2332 qous,
1061 2260 1135 2317 sicut
1152 2262 1262 2325 oetan,
1286 2277 1374 2318 usus

193 2350 315 2422 potius
334 2348 486 2407 aliorum
508 2365 610 2419 qnam
633 2364 726 2407 mene
749 2349 1063 2407 commendationis
1086 2364 1196 2408 cnnsn
1218 2348 1375 2422 cipressus

199 2439 263 2503 sim
282 2437 422 2496 adiuuari
439 2453 484 2494 me
498 2437 534 2495 nb
548 2437 593 2496 tis
611 2438 670 2509 qui
688 2438 828 2510 aliquid
845 2438 905 2497 itti
923 2437 1122 2503 adstruant,
1141 2453 1199 2494 non
1213 2439 1299 2511 nrpui
1313 2454 1374 2496 ore-

199 2527 268 2584 dnm
286 2524 311 2585 si
330 2525 515 2600 comparabis
540 2544 607 2584 cum
630 2523 691 2584 illis
714 2526 944 2601 praef.deaqu.:
963 2527 1001 2584 in
1020 2525 1106 2584 ntiis
1124 2529 1237 2584 autem
1256 2526 1372 2594 tibris,

199 2633 269 2687 quos
289 2618 359 2688 post
381 2615 574 2688 experimenta
601 2617 627 2672 et
648 2631 733 2672 usum
751 2616 910 2688 composui,
934 2615 1193 2673 succedentium
1215 2631 1271 2674 res
1293 2619 1375 2674 ncta

199 2708 255 2763 est.
291 2704 378 2763 tuins
396 2704 593 2762 commentarii
605 2704 762 2776 pertinebit
778 2705 914 2777 fortassis
940 2707 966 2761 et
988 2704 1028 2763 nd
1044 2719 1233 2762 successorem
1250 2703 1374 2771 utitdns,

198 2797 241 2851 set
261 2810 326 2851 oum
348 2793 424 2851 inter
451 2793 536 2852 initia
554 2792 815 2852 administrationis
837 2809 918 2851 mene
935 2793 1061 2865 scriptus
1078 2793 1133 2858 sit,
1161 2794 1194 2851 in
1205 2793 1315 2866 primis
1333 2794 1375 2852 ad

198 2886 329 2940 nostram
355 2882 562 2940 institutionem
582 2882 767 2954 reputnmqne
787 2883 928 2956 proficiet.
965 2898 1004 2940 nc
1030 2898 1070 2939 ne
1095 2881 1178 2953 quid
1201 2882 1245 2941 nd
1263 2883 1375 2941 totins

198 2972 251 3030 rei
263 2971 450 3045 pertinens
466 2971 631 3030 notitiam
644 2972 934 3043 praetermisisse
952 2971 1092 3037 uidear,
1111 2971 1374 3044 nominnprimum

199 3076 344 3133 aquarum
362 3104 368 3118 .
388 3101 396 3118 .
416 3076 556 3133 ponam,
575 3061 733 3136 utramque
755 3059 972 3135 praefationem
986 3059 1025 3118 ab
1040 3059 1143 3119 eodem
1162 3061 1284 3118 auctore
1303 3059 1373 3119 sori-

200 3151 285 3224 ptam
308 3166 374 3208 esse
391 3147 480 3206 facile
499 3147 650 3207 concedes.

287 3235 324 3295 In
346 3236 444 3296 aliena
467 3239 555 3312 parte
577 3237 773 3312 praefationis
797 3237 867 3297 libri
894 3237 984 3312 primi
1015 3236 1112 3295 forma
1140 3236 1253 3312 legitur
1281 3253 1373 3310 (τρα-

198 3319 408 3400 τηγηματικά,
442 3326 598 3384 inuentum
628 3314 711 3386 nullo
745 3325 835 3386 dubio
864 3325 1068 3385 librariorum:
1093 3325 1173 3400 quod
1205 3329 1374 3386 monstrum

198 3434 253 3475 nec
271 3415 350 3490 apud
362 3413 492 3474 Graecos
511 3432 565 3474 nec
584 3415 665 3491 apud
682 3415 833 3476 Romanos
853 3432 994 3491 umquam
1013 3415 1043 3472 in
1063 3431 1119 3472 usu
1138 3405 1237 3494 tuisf)
1275 3414 1374 3474 (lorri-

199 3504 330 3583 gendum
348 3503 392 3563 ibi
410 3521 475 3563 esse
495 3503 709 3578 ετρατηγικῶν
728 3508 759 3563 et
778 3498 967 3578 (τρατηγικὰ
989 3505 1114 3578 apparet
1132 3521 1168 3561 ex
1186 3504 1375 3578 praefatione

198 3593 269 3653 libri
288 3592 401 3670 quarti:
421 3597 447 3651 et
465 3597 548 3652 nant
566 3594 695 3666 eneurptn
707 3596 808 3667 potius
825 3594 1041 3666 stratepioou
1059 3609 1148 3664 quam
1160 3596 1373 3668 stratepemntn.

134 3754 136 3758 ι
199 3682 335 3758 Utroque
358 3682 422 3740 loco
447 3684 619 3756 comparato
642 3682 741 3741 nescio
760 3701 798 3740 an
822 3684 946 3758 quartus
971 3680 1047 3739 liber
1069 3680 1191 3756 proprie
1210 3680 1373 3758 inscriptus

199 3771 292 3831 fuerit
309 3771 545 3893 Stratepiqon,
576 3771 655 3846 quod
678 3770 819 3830 librarius
848 3771 977 3829 fortasse
1001 3769 1101 3831 studio
1125 3770 1275 3845 aequandi
1308 3789 1371 3830 eor·

432 3865 478 3894 ema

198 3913 311 3974 rexerit
328 3912 533 3991 Stratepipou:
550 3913 630 3973 unde
649 3932 717 3972 mox
740 3913 793 3972 alii
807 3912 988 3973 correctione
1006 3912 1084 3971 male
1111 3912 1266 3972 intellecta
1283 3912 1373 3972 finxe-

199 4006 269 4062 runt
287 4001 559 4076 Stratepemntionn,
583 4003 662 4078 quod
686 4001 804 4079 quidem
828 4001 943 4063 codices
965 4019 1123 4077 perperam
1147 4001 1271 4061 tradunt
1289 4003 1373 4061 utin

288 4193 315 4256 1)
334 4190 450 4245 Hermes
469 4189 508 4244 IX
527 4191 618 4259 (1876)
639 4196 752 4247 'le—92.

286 4262 315 4330 2)
334 4259 433 4316 Rhein.
452 4259 523 4315 Mus.
542 4260 593 4315 XV
613 4266 665 4316 580
680 4278 721 4330 sq.

287 4335 315 4400 3)
334 4331 450 4386 Hermes
468 4331 507 4385 IX
526 4339 567 4388 89.

287 4406 315 4474 4)
334 4404 368 4458 of.
387 4401 448 4457 Val.
468 4403 541 4458 Max.
562 4409 586 4470 7,
606 4409 623 4456 4
641 4407 669 4458 et
689 4403 821 4472 Polyaeni
840 4405 983 4474 prooemia
1001 4405 1145 4458 librorum.
