2948 5086
293 240 474 309 Quaestiones
494 244 529 298 de
547 243 602 297 Iuli
619 243 746 298 Frontini
764 245 984 312 stratagematon
1002 244 1090 298 libris.
1220 244 1285 308 343

108 414 171 490 dit,
199 414 277 489 quod
302 413 463 490 utrubique
486 412 591 472 Liuius
615 413 766 473 landatur.
802 413 866 473 Hoc
888 412 1007 489 quidem
1031 433 1136 489 parum
1160 416 1286 490 constat,

109 504 212 562 sintne
232 522 268 562 ex
285 502 371 562 libris
390 501 469 560 Liuii
488 521 526 562 an
545 502 681 562 Sallustii
699 502 766 578 ipsa
785 503 920 578 exempla
940 506 968 578 2,
984 504 1015 580 5,
1035 505 1074 562 31
1096 506 1127 561 et
1147 505 1175 580 2,
1194 506 1223 578 5,
1243 505 1284 562 34

108 595 261 668 excerpta.
269 585 294 671 ¹)
324 591 381 650 Sed
404 593 525 668 praeter
548 591 685 651 illumin
714 594 799 651 tanto
826 592 1029 667 exemplorum
1056 611 1180 652 numero
1198 612 1284 652 neme

109 681 291 756 scriptorum
311 681 430 739 nomine
449 681 619 756 appellatur
631 682 773 740 -aliter
791 681 868 740 enim
888 699 936 739 res
955 681 1105 754 sehabet,
1125 681 1285 757 quodPyr-

109 773 186 829 rhus
206 771 316 829 citatur
330 772 359 847 2,
376 772 403 848 6,
421 773 462 830 10
481 772 564 830 Idem
583 773 658 830 inter
670 775 828 845 praecepta
846 773 1035 844 imperatoria
1053 766 1209 829 memoriae
1228 775 1285 830 tra-

109 861 186 920 1110111
205 890 247 900 -
266 878 362 936 neque
385 859 424 936 is,
448 860 585 935 quamuis
604 861 701 919 multa
722 862 826 920 auctor
850 860 878 918 ei
901 859 1038 918 debuerit
1057 860 1204 934 exempla,
1229 860 1285 919 nisi

112 949 162 1008 his
177 948 250 1008 locis
265 948 445 1009 nominetur.
482 949 523 1008 Et
541 953 620 1010 reete
636 949 769 1025 quidem:
788 949 951 1008 Frontinus
967 949 1044 1008 enim
1058 949 1286 1009 commentarios

113 1031 168 1113 (cf.
186 1038 279 1114 praef.
298 1038 314 1095 I
332 1058 359 1114 p.
383 1043 410 1116 1,
432 1040 472 1097 10
488 1033 546 1118 sq.)
566 1039 597 1096 in
616 1058 704 1098 usum
723 1037 930 1098 conscribebat
948 1038 1068 1098 ducum:
1092 1056 1197 1098 eorum
1215 1037 1287 1114 quid

110 1128 260 1186 intererat
278 1145 378 1203 nosse,
401 1127 468 1203 quis
491 1146 539 1187 res
563 1132 666 1204 gestas
684 1127 875 1203 tradidisset,
904 1146 970 1186 cum
998 1127 1094 1187 solum
1121 1127 1237 1187 consilii
1256 1130 1287 1187 et

109 1216 320 1292 prouidentiae
333 1218 469 1292 exempla
483 1217 623 1293 amplecti
638 1216 812 1276 studerent?
842 1215 1001 1292 Scriptoris
1016 1234 1123 1276 nomen
1137 1217 1284 1293 appellari

111 1309 345 1366 consentaneum
360 1309 414 1384 est,
429 1306 479 1365 ubi
493 1325 558 1366 rem
572 1307 649 1366 alius
664 1307 753 1366 aliter
766 1306 881 1366 tradat:
901 1306 954 1366 sed
964 1305 1110 1365 Liuianae
1123 1307 1285 1366 memoriae

111 1396 252 1454 alienon
271 1395 444 1473 opponitur3
464 1398 555 1473 atque
569 1396 660 1456 etiam
677 1397 743 1473 1,5,
755 1397 809 1454 15:
828 1397 913 1456 Idem
929 1397 997 1470 feeit
1014 1398 1067 1455 sab
1086 1392 1178 1454 Atilia
1198 1394 1284 1455 Cala·

110 1488 173 1543 tino
192 1487 306 1544 conante
330 1489 356 1544 is
383 1488 465 1545 caiae
482 1486 568 1546 narie
587 1487 713 1544 traditan
730 1503 849 1544 nomm:
876 1487 929 1544 alii
947 1485 1125 1552 Laberimn,
1153 1486 1286 1545 nonnnlli

110 1574 144 1648 Q.
166 1572 349 1641 Caedicium,
372 1575 498 1648 plarimi
526 1573 721 1648 Oaiparninm
738 1575 910 1633 Flammam
932 1576 1089 1634 nocitainm
1111 1577 1289 1648 scripserant

112 1663 237 1723 nomina
255 1664 433 1739 scriptorum
454 1662 614 1744 Frontinus
632 1663 757 1723 laudare
777 1663 954 1739 supersedit.

205 1751 287 1822 Quae
306 1772 373 1811 cum
386 1753 430 1812 ita
445 1751 514 1830 sint,
531 1772 591 1813 non
605 1753 695 1813 debet
713 1752 854 1830 dubitari,
873 1752 945 1830 quin
962 1753 1023 1812 ista
1041 1754 1141 1826 uerba,
1161 1772 1237 1830 quae
1255 1754 1286 1812 in

56 1903 62 1917 ,
112 1841 255 1902 extremis
275 1841 416 1918 exemplis
438 1845 466 1918 2,
486 1843 515 1918 5,
535 1845 575 1902 31
598 1846 628 1902 01
648 1846 676 1920 2,
696 1844 725 1919 5,
746 1845 787 1902 34
806 1841 1010 1915 inueniuntur,
1029 1841 1172 1901 adnotate
1191 1843 1288 1902 sinta

110 1933 235 2006 lectore,
254 1932 305 2006 qui
324 1931 404 1990 Liuii
423 1931 577 1990 uolumina
596 1932 759 2006 maluerat,
774 1933 809 1990 nt
823 1931 918 1990 fusius
932 1931 976 1989 ibi
989 1930 1153 2006 descriptas
1173 1932 1288 2007 legeret

109 2020 324 2080 memorabiles
340 2020 466 2079 Sertorii
479 2023 510 2080 et
525 2019 626 2080 Crassi
642 2020 792 2080 uictorias.
821 2021 901 2079 Nam
920 2039 954 2078 ex
963 2020 1097 2079 Liuianis
1116 2020 1202 2079 libris
1221 2023 1285 2079 tum

109 2110 238 2185 integris
259 2112 379 2186 sumpta
397 2129 434 2170 ea
451 2127 517 2170 esse
535 2129 596 2170 non
616 2112 663 2169 est
681 2129 734 2169 cur
751 2128 852 2186 neges,
872 2109 1052 2186 comparatis
1066 2109 1168 2169 uerbis
1184 2110 1286 2171 Front.

112 2203 143 2272 2,
160 2200 189 2275 5,
204 2200 246 2257 34
267 2199 396 2258 XXXV
411 2201 494 2260 milia
514 2205 696 2260 armatorum
714 2218 745 2259 co
758 2200 872 2274 proelio
890 2201 1040 2272 interfecta
1059 2217 1124 2258 cam
1141 2201 1214 2273 apsis
1232 2201 1284 2259 dn·

109 2290 193 2348 cibas
210 2289 319 2348 Liuias
345 2291 447 2355 tradit,
464 2335 470 2348 .
486 2336 514 2348 ..
534 2308 602 2349 cum
621 2289 686 2348 Liu.
705 2289 776 2365 epit.
797 2291 852 2350 97:
877 2289 925 2348 M.
944 2287 1071 2348 Graecas
1084 2293 1206 2362 praetor
1218 2292 1284 2363 pri-

109 2397 191 2436 mam
211 2396 275 2436 enm
292 2381 381 2452 parte
402 2379 607 2452 sapiliaomem,
630 2397 703 2452 qnae
727 2396 760 2437 ea
780 2377 876 2438 Gallis
896 2377 1106 2451 Germanisque
1129 2380 1286 2446 constabat,

109 2467 234 2541 feliciter
242 2469 398 2542 pannonii,
417 2469 508 2528 caesis
521 2469 646 2528 bostiam
656 2469 775 2542 impiata
789 2471 913 2542 qninane
926 2468 1043 2528 milibus
1062 2472 1087 2526 et
1101 2469 1171 2529 dnae
1189 2485 1287 2528 eoram

111 2555 255 2616 Gannico.

201 2645 284 2704 Idem
303 2637 397 2706 homo'
411 2646 604 2707 historiarum
625 2646 758 2706 curiosus
777 2646 808 2704 in
827 2646 960 2722 exemplo
982 2649 1014 2724 2,
1034 2649 1067 2722 9,
1088 2649 1106 2706 2
1128 2647 1164 2706 ad
1184 2666 1286 2706 uocem

111 2736 191 2794 incia
209 2734 317 2794 additis
333 2735 433 2796 uerbis
447 2755 518 2795 nam
530 2738 624 2809 frater
643 2739 752 2796 occisae
771 2740 834 2795 erat
850 2735 980 2795 auctoris
999 2736 1201 2795 narrationem
1220 2757 1287 2812 per·

110 2825 235 2883 breuem
249 2842 284 2883 ac
297 2843 392 2900 paene
411 2824 570 2884 obscuram'
587 2825 670 2884 auxit
688 2828 778 2902 atque
794 2825 962 2902 explicauit.
991 2824 1183 2886 Parenthesis
1199 2827 1286 2899 enim,

110 2932 188 2993 quae
202 2913 246 2972 ita
265 2913 402 2990 efficitur,
421 2915 500 2989 apud
512 2914 689 2974 Frontinum
704 2914 764 2974 nisi
777 2916 832 2974 hoc
849 2916 914 2974 loco
928 2933 988 2974 non
1007 2915 1135 2974 occurrit
1152 2934 1207 2975 nec
1226 2935 1287 2974 ser-

110 3002 193 3060 moni
212 3002 275 3061 eius
294 3002 380 3062 breui
399 3022 434 3062 ac
454 3003 581 3080 simplici
595 3003 743 3064 conuenit.
781 3003 865 3074 Quod
885 3002 1095 3063 doetiabrarii
1113 3004 1285 3064 recentioris

111 3091 222 3151 aetatis
250 3111 316 3150 cum
343 3092 581 3167 intellexissent,
613 3098 805 3153 correxerunt
832 3095 937 3167 fratris
960 3095 1058 3154 occisi:
1083 3093 1202 3169 penitus
1221 3113 1286 3153 rem

112 3179 340 3257 Oudendorpius
359 3183 523 3257 perspexit,
542 3201 609 3241 cum
627 3182 819 3258 parenthesin
839 3183 961 3242 deleret.

200 3271 236 3329 In
255 3270 390 3347 exemplo
413 3273 443 3348 4,
464 3273 491 3342 5,
515 3274 553 3330 14
579 3271 673 3330 uerba
695 3273 771 3331 lanc
793 3274 911 3346 qnidam
935 3290 994 3332 non
1013 3270 1044 3332 C.
1064 3269 1209 3339 Caelimn,
1236 3274 1286 3332 sed

112 3360 249 3419 Laelium
262 3361 355 3434 faisse
369 3361 530 3428 eiLaelios‚
548 3378 606 3420 non
617 3359 730 3421 Caelios
747 3364 857 3434 perisse
874 3363 994 3421 cremant
1011 3360 1092 3435 eieci,
1112 3361 1182 3438 quia
1192 3361 1284 3422 Pseu·

112 3449 303 3508 dofrontinus
323 3449 677 3510 similiteracFrontinus
697 3450 867 3510 commodae
882 3451 1085 3526 exemplorum
1104 3451 1286 3511 conclusioni

111 3537 214 3597 studet
228 3539 258 3596 in
274 3539 339 3613 ipso
355 3541 464 3598 euentu
478 3540 604 3617 positae,
619 3558 694 3618 quae
705 3540 825 3616 quidem
836 3542 935 3599 exstat
949 3539 997 3598 his
1011 3540 1043 3598 in
1056 3540 1169 3599 uerbis:
1187 3545 1284 3600 nostro

112 3629 237 3686 enercitn
259 3629 389 3687 uincente
413 3631 475 3702 ipse
498 3646 562 3688 enm
587 3632 813 3702 qaattnordecim
830 3627 924 3688 Aeliis
947 3646 980 3687 ea
1003 3631 1101 3688 eadem
1119 3631 1285 3702 familiam

106 3717 218 3791 proelio
237 3720 278 3776 est
299 3718 415 3776 occisas.
452 3718 517 3777 Ista
535 3720 637 3777 tamen
658 3721 753 3779 uerba
775 3720 916 3778 lectorem
941 3717 1042 3794 potius
1062 3719 1156 3788 olent,
1180 3719 1230 3794 qui
1254 3719 1284 3777 in

109 3805 263 3864 uolumine
282 3805 412 3865 auctoris
431 3807 530 3866 nescio
550 3807 633 3866 cuius
648 3808 764 3886 legerat
781 3807 923 3868 accidisse
937 3807 968 3865 id
982 3807 1107 3866 Laelio
1127 3800 1219 3886 (quod
1239 3809 1285 3865 ui·

109 3893 219 3954 delicet
236 3894 444 3973 corrigendum
464 3899 530 3954 erat
549 3897 584 3956 L.
603 3888 716 3978 Aelio):
736 3896 814 3956 unde
833 3896 989 3972 perspicuo
1007 3897 1059 3954 ille
1079 3915 1179 3955 errore
1197 3896 1285 3955 finxit

109 3983 238 4051 Laelios,
258 3983 336 4043 sicat
354 4003 388 4044 ex
408 3984 526 4044 nomine
545 3983 577 4045 (1.
592 3983 660 4046 Aen·
678 3987 756 4045 male
776 3987 886 4060 scripto
906 3990 959 4044 eut
977 3986 1055 4044 lecto
1074 3985 1193 4044 excudit
1213 3984 1283 4044 Gae-

109 4074 171 4132 iios.
209 4072 282 4143 Quis
297 4077 452 4135 auctorum
465 4093 647 4152 praenomen
661 4076 699 4134 L.
713 4074 880 4150 tradiderit,
898 4094 957 4134 non
976 4074 1083 4150 liquet:
1103 4093 1283 4150 praenomen

108 4161 228 4222 omnino
246 4180 306 4222 non
324 4166 491 4239 agnoscunt
505 4164 644 4224 Valerius
665 4164 811 4222 Maximus
827 4166 855 4234 5,
868 4166 927 4242 6,4
948 4164 979 4222 01
996 4163 1113 4224 Plinius
1132 4167 1193 4225 nat
1212 4164 1282 4223 bist.

112 4254 162 4328 10,
179 4253 228 4326 18,
243 4254 299 4329 413
326 4250 423 4312 Varro
447 4257 548 4314 autem
567 4255 603 4313 de
623 4254 686 4313 uita
704 4274 731 4329 p.
751 4254 785 4313 R.
802 4255 832 4330 3,
852 4256 870 4312 3
897 4246 957 4332 (ed.
977 4252 1013 4312 H.
1034 4252 1170 4330 Kettner,
1192 4274 1219 4330 p.
1240 4255 1282 4313 34

109 4383 296 4392 ——-··--—..--
311 4385 319 4390 .

200 4441 225 4509 1)
244 4438 360 4494 Hermes
379 4439 418 4493 IX
437 4447 480 4495 83.
